%YAML 1.1
%TAG !u! tag:unity3d.com,2011:
--- !u!29 &1
SceneSettings:
  m_ObjectHideFlags: 0
  m_PVSData: 
  m_PVSObjectsArray: []
  m_PVSPortalsArray: []
  m_OcclusionBakeSettings:
    smallestOccluder: 5
    smallestHole: .25
    backfaceThreshold: 100
--- !u!104 &2
RenderSettings:
  m_Fog: 0
  m_FogColor: {r: .5, g: .5, b: .5, a: 1}
  m_FogMode: 3
  m_FogDensity: .00999999978
  m_LinearFogStart: 0
  m_LinearFogEnd: 300
  m_AmbientLight: {r: .200000003, g: .200000003, b: .200000003, a: 1}
  m_SkyboxMaterial: {fileID: 0}
  m_HaloStrength: .5
  m_FlareStrength: 1
  m_FlareFadeSpeed: 3
  m_HaloTexture: {fileID: 0}
  m_SpotCookie: {fileID: 0}
  m_ObjectHideFlags: 0
--- !u!127 &3
LevelGameManager:
  m_ObjectHideFlags: 0
--- !u!157 &4
LightmapSettings:
  m_ObjectHideFlags: 0
  m_LightProbes: {fileID: 0}
  m_Lightmaps: []
  m_LightmapsMode: 1
  m_BakedColorSpace: 0
  m_UseDualLightmapsInForward: 0
  m_LightmapEditorSettings:
    m_Resolution: 50
    m_LastUsedResolution: 0
    m_TextureWidth: 1024
    m_TextureHeight: 1024
    m_BounceBoost: 1
    m_BounceIntensity: 1
    m_SkyLightColor: {r: .860000014, g: .930000007, b: 1, a: 1}
    m_SkyLightIntensity: 0
    m_Quality: 0
    m_Bounces: 1
    m_FinalGatherRays: 1000
    m_FinalGatherContrastThreshold: .0500000007
    m_FinalGatherGradientThreshold: 0
    m_FinalGatherInterpolationPoints: 15
    m_AOAmount: 0
    m_AOMaxDistance: .100000001
    m_AOContrast: 1
    m_LODSurfaceMappingDistance: 1
    m_Padding: 0
    m_TextureCompression: 0
    m_LockAtlas: 0
--- !u!196 &5
NavMeshSettings:
  m_ObjectHideFlags: 0
  m_BuildSettings:
    agentRadius: .5
    agentHeight: 2
    agentSlope: 45
    agentClimb: .400000006
    ledgeDropHeight: 0
    maxJumpAcrossDistance: 0
    accuratePlacement: 0
    minRegionArea: 2
    widthInaccuracy: 16.666666
    heightInaccuracy: 10
  m_NavMesh: {fileID: 0}
--- !u!1 &178668826
GameObject:
  m_ObjectHideFlags: 0
  m_PrefabParentObject: {fileID: 0}
  m_PrefabInternal: {fileID: 0}
  serializedVersion: 4
  m_Component:
  - 4: {fileID: 178668828}
  - 114: {fileID: 178668827}
  m_Layer: 0
  m_Name: PreserveMessenger
  m_TagString: Untagged
  m_Icon: {fileID: 0}
  m_NavMeshLayer: 0
  m_StaticEditorFlags: 0
  m_IsActive: 1
--- !u!114 &178668827
MonoBehaviour:
  m_ObjectHideFlags: 0
  m_PrefabParentObject: {fileID: 0}
  m_PrefabInternal: {fileID: 0}
  m_GameObject: {fileID: 178668826}
  m_Enabled: 1
  m_EditorHideFlags: 0
  m_Script: {fileID: 0}
  m_Name: 
  m_EditorClassIdentifier: 
--- !u!4 &178668828
Transform:
  m_ObjectHideFlags: 0
  m_PrefabParentObject: {fileID: 0}
  m_PrefabInternal: {fileID: 0}
  m_GameObject: {fileID: 178668826}
  m_LocalRotation: {x: 0, y: 0, z: 0, w: 1}
  m_LocalPosition: {x: 0, y: 0, z: 0}
  m_LocalScale: {x: 1, y: 1, z: 1}
  m_Children: []
  m_Father: {fileID: 0}
--- !u!1 &208091694
GameObject:
  m_ObjectHideFlags: 0
  m_PrefabParentObject: {fileID: 0}
  m_PrefabInternal: {fileID: 0}
  serializedVersion: 4
  m_Component:
  - 4: {fileID: 208091695}
  m_Layer: 0
  m_Name: MoleContainer
  m_TagString: Untagged
  m_Icon: {fileID: 0}
  m_NavMeshLayer: 0
  m_StaticEditorFlags: 0
  m_IsActive: 1
--- !u!4 &208091695
Transform:
  m_ObjectHideFlags: 0
  m_PrefabParentObject: {fileID: 0}
  m_PrefabInternal: {fileID: 0}
  m_GameObject: {fileID: 208091694}
  m_LocalRotation: {x: 0, y: 0, z: 0, w: 1}
  m_LocalPosition: {x: 0, y: 0, z: 0}
  m_LocalScale: {x: 1, y: 1, z: 1}
  m_Children: []
  m_Father: {fileID: 0}
--- !u!1 &265630847
GameObject:
  m_ObjectHideFlags: 0
  m_PrefabParentObject: {fileID: 100012, guid: 6d707e76582f3401ba12f24e4bd58ecd, type: 2}
  m_PrefabInternal: {fileID: 1179301387}
  serializedVersion: 4
  m_Component:
  - 4: {fileID: 265630848}
  - 33: {fileID: 265630851}
  - 23: {fileID: 265630850}
  - 54: {fileID: 265630849}
  m_Layer: 0
  m_Name: c1
  m_TagString: Untagged
  m_Icon: {fileID: 0}
  m_NavMeshLayer: 0
  m_StaticEditorFlags: 0
  m_IsActive: 1
--- !u!4 &265630848
Transform:
  m_ObjectHideFlags: 0
  m_PrefabParentObject: {fileID: 400012, guid: 6d707e76582f3401ba12f24e4bd58ecd, type: 2}
  m_PrefabInternal: {fileID: 1179301387}
  m_GameObject: {fileID: 265630847}
  m_LocalRotation: {x: -.707106888, y: 0, z: -0, w: .707106769}
  m_LocalPosition: {x: 0, y: 0, z: 0}
  m_LocalScale: {x: 1, y: 1, z: 1}
  m_Children: []
  m_Father: {fileID: 960022046}
--- !u!54 &265630849
Rigidbody:
  m_ObjectHideFlags: 0
  m_PrefabParentObject: {fileID: 5400010, guid: 6d707e76582f3401ba12f24e4bd58ecd,
    type: 2}
  m_PrefabInternal: {fileID: 1179301387}
  m_GameObject: {fileID: 265630847}
  serializedVersion: 2
  m_Mass: 1
  m_Drag: 0
  m_AngularDrag: .0500000007
  m_UseGravity: 1
  m_IsKinematic: 0
  m_Interpolate: 0
  m_Constraints: 0
  m_CollisionDetection: 0
--- !u!23 &265630850
Renderer:
  m_ObjectHideFlags: 0
  m_PrefabParentObject: {fileID: 2300002, guid: 6d707e76582f3401ba12f24e4bd58ecd,
    type: 2}
  m_PrefabInternal: {fileID: 1179301387}
  m_GameObject: {fileID: 265630847}
  m_Enabled: 1
  m_CastShadows: 1
  m_ReceiveShadows: 1
  m_LightmapIndex: 255
  m_LightmapTilingOffset: {x: 1, y: 1, z: 0, w: 0}
  m_Materials:
  - {fileID: 2100000, guid: cce200197dda6a64498ae944cdcbe482, type: 2}
  m_SubsetIndices: 
  m_StaticBatchRoot: {fileID: 0}
  m_UseLightProbes: 0
  m_LightProbeAnchor: {fileID: 0}
  m_ScaleInLightmap: 1
  m_SortingLayer: 0
  m_SortingOrder: 0
  m_SortingLayerID: 0
--- !u!33 &265630851
MeshFilter:
  m_ObjectHideFlags: 0
  m_PrefabParentObject: {fileID: 3300002, guid: 6d707e76582f3401ba12f24e4bd58ecd,
    type: 2}
  m_PrefabInternal: {fileID: 1179301387}
  m_GameObject: {fileID: 265630847}
  m_Mesh: {fileID: 4300006, guid: 8c8d4b50d9025f44eb8d8650df8fc6c8, type: 3}
--- !u!1 &277706646
GameObject:
  m_ObjectHideFlags: 0
  m_PrefabParentObject: {fileID: 0}
  m_PrefabInternal: {fileID: 0}
  serializedVersion: 4
  m_Component:
  - 4: {fileID: 277706648}
  - 114: {fileID: 277706647}
  m_Layer: 0
  m_Name: PreserveMessenger
  m_TagString: Untagged
  m_Icon: {fileID: 0}
  m_NavMeshLayer: 0
  m_StaticEditorFlags: 0
  m_IsActive: 1
--- !u!114 &277706647
MonoBehaviour:
  m_ObjectHideFlags: 0
  m_PrefabParentObject: {fileID: 0}
  m_PrefabInternal: {fileID: 0}
  m_GameObject: {fileID: 277706646}
  m_Enabled: 1
  m_EditorHideFlags: 0
  m_Script: {fileID: 0}
  m_Name: 
  m_EditorClassIdentifier: 
--- !u!4 &277706648
Transform:
  m_ObjectHideFlags: 0
  m_PrefabParentObject: {fileID: 0}
  m_PrefabInternal: {fileID: 0}
  m_GameObject: {fileID: 277706646}
  m_LocalRotation: {x: 0, y: 0, z: 0, w: 1}
  m_LocalPosition: {x: 0, y: 0, z: 0}
  m_LocalScale: {x: 1, y: 1, z: 1}
  m_Children: []
  m_Father: {fileID: 0}
--- !u!1 &333184065
GameObject:
  m_ObjectHideFlags: 0
  m_PrefabParentObject: {fileID: 100000, guid: e0af3aa0ffb974fbca38f33376cca5d8, type: 2}
  m_PrefabInternal: {fileID: 1185610380}
  serializedVersion: 4
  m_Component:
  - 4: {fileID: 333184066}
  - 82: {fileID: 333184067}
  m_Layer: 0
  m_Name: MusicPlayer
  m_TagString: Untagged
  m_Icon: {fileID: 0}
  m_NavMeshLayer: 0
  m_StaticEditorFlags: 0
  m_IsActive: 1
--- !u!4 &333184066
Transform:
  m_ObjectHideFlags: 0
  m_PrefabParentObject: {fileID: 400000, guid: e0af3aa0ffb974fbca38f33376cca5d8, type: 2}
  m_PrefabInternal: {fileID: 1185610380}
  m_GameObject: {fileID: 333184065}
  m_LocalRotation: {x: 0, y: 0, z: 0, w: 1}
  m_LocalPosition: {x: 0, y: 0, z: 0}
  m_LocalScale: {x: 1, y: 1, z: 1}
  m_Children: []
  m_Father: {fileID: 2137343533}
--- !u!82 &333184067
AudioSource:
  m_ObjectHideFlags: 0
  m_PrefabParentObject: {fileID: 8200000, guid: e0af3aa0ffb974fbca38f33376cca5d8,
    type: 2}
  m_PrefabInternal: {fileID: 1185610380}
  m_GameObject: {fileID: 333184065}
  m_Enabled: 1
  serializedVersion: 3
  m_audioClip: {fileID: 8300000, guid: 48746368b17eb4cad9a8b815537a3e1b, type: 3}
  m_PlayOnAwake: 0
  m_Volume: .699999988
  m_Pitch: 1
  Loop: 0
  Mute: 0
  Priority: 128
  DopplerLevel: 1
  MinDistance: 1
  MaxDistance: 500
  Pan2D: 0
  rolloffMode: 1
  BypassEffects: 1
  BypassListenerEffects: 1
  BypassReverbZones: 1
  rolloffCustomCurve:
    serializedVersion: 2
    m_Curve:
    - time: 0
      value: 1
      inSlope: 0
      outSlope: 0
      tangentMode: 0
    - time: 1
      value: 0
      inSlope: 0
      outSlope: 0
      tangentMode: 0
    m_PreInfinity: 2
    m_PostInfinity: 2
  panLevelCustomCurve:
    serializedVersion: 2
    m_Curve:
    - time: 0
      value: 1
      inSlope: 0
      outSlope: 0
      tangentMode: 0
    m_PreInfinity: 2
    m_PostInfinity: 2
  spreadCustomCurve:
    serializedVersion: 2
    m_Curve:
    - time: 0
      value: 0
      inSlope: 0
      outSlope: 0
      tangentMode: 0
    m_PreInfinity: 2
    m_PostInfinity: 2
--- !u!1 &441879220
GameObject:
  m_ObjectHideFlags: 0
  m_PrefabParentObject: {fileID: 100000, guid: e5b52a2c5845945ee9ba19ba6ce8205d, type: 2}
  m_PrefabInternal: {fileID: 1461765242}
  serializedVersion: 4
  m_Component:
  - 4: {fileID: 441879224}
  - 114: {fileID: 441879223}
  - 33: {fileID: 441879222}
  - 64: {fileID: 441879221}
  - 54: {fileID: 441879225}
  - 23: {fileID: 441879226}
  m_Layer: 11
  m_Name: Plane
  m_TagString: Untagged
  m_Icon: {fileID: 0}
  m_NavMeshLayer: 0
  m_StaticEditorFlags: 0
  m_IsActive: 1
--- !u!64 &441879221
MeshCollider:
  m_ObjectHideFlags: 0
  m_PrefabParentObject: {fileID: 6400000, guid: e5b52a2c5845945ee9ba19ba6ce8205d,
    type: 2}
  m_PrefabInternal: {fileID: 1461765242}
  m_GameObject: {fileID: 441879220}
  m_Material: {fileID: 0}
  m_IsTrigger: 1
  m_Enabled: 1
  serializedVersion: 2
  m_SmoothSphereCollisions: 0
  m_Convex: 0
  m_Mesh: {fileID: 10209, guid: 0000000000000000e000000000000000, type: 0}
--- !u!33 &441879222
MeshFilter:
  m_ObjectHideFlags: 0
  m_PrefabParentObject: {fileID: 3300000, guid: e5b52a2c5845945ee9ba19ba6ce8205d,
    type: 2}
  m_PrefabInternal: {fileID: 1461765242}
  m_GameObject: {fileID: 441879220}
  m_Mesh: {fileID: 10209, guid: 0000000000000000e000000000000000, type: 0}
--- !u!114 &441879223
MonoBehaviour:
  m_ObjectHideFlags: 0
  m_PrefabParentObject: {fileID: 11400000, guid: e5b52a2c5845945ee9ba19ba6ce8205d,
    type: 2}
  m_PrefabInternal: {fileID: 1461765242}
  m_GameObject: {fileID: 441879220}
  m_Enabled: 1
  m_EditorHideFlags: 0
  m_Script: {fileID: 11500000, guid: 4f3eff7affa984b6998e58331402b50e, type: 3}
  m_Name: 
  m_EditorClassIdentifier: 
  spawnQuantity: 10
  moleContainer: {fileID: 208091694}
  molePrefab: {fileID: 1313412084}
  splashPrefab: {fileID: 1897314162}
  background: {fileID: 0}
--- !u!4 &441879224
Transform:
  m_ObjectHideFlags: 0
  m_PrefabParentObject: {fileID: 400000, guid: e5b52a2c5845945ee9ba19ba6ce8205d, type: 2}
  m_PrefabInternal: {fileID: 1461765242}
  m_GameObject: {fileID: 441879220}
  m_LocalRotation: {x: 0, y: 0, z: 0, w: 1}
  m_LocalPosition: {x: 0, y: 0, z: 0}
  m_LocalScale: {x: 10, y: 1, z: 10}
  m_Children: []
  m_Father: {fileID: 0}
--- !u!54 &441879225
Rigidbody:
  m_ObjectHideFlags: 0
  m_PrefabParentObject: {fileID: 5400000, guid: e5b52a2c5845945ee9ba19ba6ce8205d,
    type: 2}
  m_PrefabInternal: {fileID: 1461765242}
  m_GameObject: {fileID: 441879220}
  serializedVersion: 2
  m_Mass: 1
  m_Drag: 0
  m_AngularDrag: .0500000007
  m_UseGravity: 0
  m_IsKinematic: 0
  m_Interpolate: 0
  m_Constraints: 0
  m_CollisionDetection: 0
--- !u!23 &441879226
Renderer:
  m_ObjectHideFlags: 0
  m_PrefabParentObject: {fileID: 2300000, guid: e5b52a2c5845945ee9ba19ba6ce8205d,
    type: 2}
  m_PrefabInternal: {fileID: 1461765242}
  m_GameObject: {fileID: 441879220}
  m_Enabled: 0
  m_CastShadows: 1
  m_ReceiveShadows: 1
  m_LightmapIndex: 255
  m_LightmapTilingOffset: {x: 1, y: 1, z: 0, w: 0}
  m_Materials:
  - {fileID: 0}
  m_SubsetIndices: 
  m_StaticBatchRoot: {fileID: 0}
  m_UseLightProbes: 0
  m_LightProbeAnchor: {fileID: 0}
  m_ScaleInLightmap: 1
  m_SortingLayer: 0
  m_SortingOrder: 0
  m_SortingLayerID: 0
--- !u!1 &592038351
GameObject:
  m_ObjectHideFlags: 0
  m_PrefabParentObject: {fileID: 100000, guid: 6d707e76582f3401ba12f24e4bd58ecd, type: 2}
  m_PrefabInternal: {fileID: 1179301387}
  serializedVersion: 4
  m_Component:
  - 4: {fileID: 592038352}
  m_Layer: 0
  m_Name: LeapHandController
  m_TagString: Untagged
  m_Icon: {fileID: 0}
  m_NavMeshLayer: 0
  m_StaticEditorFlags: 0
  m_IsActive: 1
--- !u!4 &592038352
Transform:
  m_ObjectHideFlags: 0
  m_PrefabParentObject: {fileID: 400000, guid: 6d707e76582f3401ba12f24e4bd58ecd, type: 2}
  m_PrefabInternal: {fileID: 1179301387}
  m_GameObject: {fileID: 592038351}
  m_LocalRotation: {x: 0, y: 0, z: 0, w: 1}
  m_LocalPosition: {x: 0, y: 10, z: 0}
  m_LocalScale: {x: 1, y: 1, z: 1}
  m_Children:
  - {fileID: 1080331885}
  - {fileID: 1433463361}
  m_Father: {fileID: 0}
--- !u!1 &641569412
GameObject:
  m_ObjectHideFlags: 0
  m_PrefabParentObject: {fileID: 100006, guid: 6d707e76582f3401ba12f24e4bd58ecd, type: 2}
  m_PrefabInternal: {fileID: 1179301387}
  serializedVersion: 4
  m_Component:
  - 4: {fileID: 641569413}
  - 95: {fileID: 641569414}
  m_Layer: 0
  m_Name: Martello
  m_TagString: Untagged
  m_Icon: {fileID: 0}
  m_NavMeshLayer: 0
  m_StaticEditorFlags: 0
  m_IsActive: 0
--- !u!4 &641569413
Transform:
  m_ObjectHideFlags: 0
  m_PrefabParentObject: {fileID: 400006, guid: 6d707e76582f3401ba12f24e4bd58ecd, type: 2}
  m_PrefabInternal: {fileID: 1179301387}
  m_GameObject: {fileID: 641569412}
  m_LocalRotation: {x: .707106829, y: 0, z: 0, w: .707106709}
  m_LocalPosition: {x: -0, y: 0, z: 0}
  m_LocalScale: {x: 1, y: 1, z: 1}
  m_Children:
  - {fileID: 1569724590}
  m_Father: {fileID: 1433463361}
--- !u!95 &641569414
Animator:
  serializedVersion: 2
  m_ObjectHideFlags: 0
  m_PrefabParentObject: {fileID: 9500000, guid: 6d707e76582f3401ba12f24e4bd58ecd,
    type: 2}
  m_PrefabInternal: {fileID: 1179301387}
  m_GameObject: {fileID: 641569412}
  m_Enabled: 1
  m_Avatar: {fileID: 9000000, guid: 7c88b042b35574c449b0e311c4cfbb23, type: 3}
  m_Controller: {fileID: 0}
  m_CullingMode: 0
  m_ApplyRootMotion: 1
  m_AnimatePhysics: 0
  m_HasTransformHierarchy: 1
--- !u!1 &662690639
GameObject:
  m_ObjectHideFlags: 0
  m_PrefabParentObject: {fileID: 0}
  m_PrefabInternal: {fileID: 0}
  serializedVersion: 4
  m_Component:
  - 4: {fileID: 662690644}
  - 20: {fileID: 662690643}
  - 124: {fileID: 662690642}
  - 81: {fileID: 662690641}
  - 108: {fileID: 662690640}
  m_Layer: 0
  m_Name: Main Camera
  m_TagString: MainCamera
  m_Icon: {fileID: 0}
  m_NavMeshLayer: 0
  m_StaticEditorFlags: 0
  m_IsActive: 1
--- !u!108 &662690640
Light:
  m_ObjectHideFlags: 0
  m_PrefabParentObject: {fileID: 0}
  m_PrefabInternal: {fileID: 0}
  m_GameObject: {fileID: 662690639}
  m_Enabled: 1
  serializedVersion: 3
  m_Type: 1
  m_Color: {r: 1, g: 1, b: 1, a: 1}
  m_Intensity: .5
  m_Range: 10
  m_SpotAngle: 30
  m_CookieSize: 10
  m_Shadows:
    m_Type: 0
    m_Resolution: -1
    m_Strength: 1
    m_Bias: .0500000007
    m_Softness: 4
    m_SoftnessFade: 1
  m_Cookie: {fileID: 0}
  m_DrawHalo: 0
  m_ActuallyLightmapped: 0
  m_Flare: {fileID: 0}
  m_RenderMode: 0
  m_CullingMask:
    serializedVersion: 2
    m_Bits: 4294967295
  m_Lightmapping: 1
  m_ShadowSamples: 1
  m_ShadowRadius: 0
  m_ShadowAngle: 0
  m_IndirectIntensity: 1
  m_AreaSize: {x: 1, y: 1}
--- !u!81 &662690641
AudioListener:
  m_ObjectHideFlags: 0
  m_PrefabParentObject: {fileID: 0}
  m_PrefabInternal: {fileID: 0}
  m_GameObject: {fileID: 662690639}
  m_Enabled: 1
--- !u!124 &662690642
Behaviour:
  m_ObjectHideFlags: 0
  m_PrefabParentObject: {fileID: 0}
  m_PrefabInternal: {fileID: 0}
  m_GameObject: {fileID: 662690639}
  m_Enabled: 1
--- !u!20 &662690643
Camera:
  m_ObjectHideFlags: 0
  m_PrefabParentObject: {fileID: 0}
  m_PrefabInternal: {fileID: 0}
  m_GameObject: {fileID: 662690639}
  m_Enabled: 1
  serializedVersion: 2
  m_ClearFlags: 1
  m_BackGroundColor: {r: .0199502595, g: .129430369, b: .301470578, a: .0196078438}
  m_NormalizedViewPortRect:
    serializedVersion: 2
    x: 0
    y: 0
    width: 1
    height: 1
  near clip plane: .300000012
  far clip plane: 1000
  field of view: 70
  orthographic: 0
  orthographic size: 5
  m_Depth: -1
  m_CullingMask:
    serializedVersion: 2
    m_Bits: 4294967295
  m_RenderingPath: -1
  m_TargetTexture: {fileID: 0}
  m_HDR: 0
  m_OcclusionCulling: 1
--- !u!4 &662690644
Transform:
  m_ObjectHideFlags: 0
  m_PrefabParentObject: {fileID: 0}
  m_PrefabInternal: {fileID: 0}
  m_GameObject: {fileID: 662690639}
  m_LocalRotation: {x: .470010757, y: 0, z: 0, w: .882660747}
  m_LocalPosition: {x: 0, y: 55.5503616, z: -52.3836555}
  m_LocalScale: {x: 1, y: 1, z: 1}
  m_Children: []
  m_Father: {fileID: 0}
--- !u!1001 &751852647
Prefab:
  m_ObjectHideFlags: 0
  serializedVersion: 2
  m_Modification:
    m_TransformParent: {fileID: 0}
    m_Modifications:
    - target: {fileID: 400000, guid: f6b09b941e91f49e49ebd177e621028e, type: 2}
      propertyPath: m_LocalPosition.x
      value: 1.33273613e-06
      objectReference: {fileID: 0}
    - target: {fileID: 400000, guid: f6b09b941e91f49e49ebd177e621028e, type: 2}
      propertyPath: m_LocalPosition.y
      value: -10
      objectReference: {fileID: 0}
    - target: {fileID: 400000, guid: f6b09b941e91f49e49ebd177e621028e, type: 2}
      propertyPath: m_LocalPosition.z
      value: 0
      objectReference: {fileID: 0}
    - target: {fileID: 400000, guid: f6b09b941e91f49e49ebd177e621028e, type: 2}
      propertyPath: m_LocalRotation.x
      value: 0
      objectReference: {fileID: 0}
    - target: {fileID: 400000, guid: f6b09b941e91f49e49ebd177e621028e, type: 2}
      propertyPath: m_LocalRotation.y
      value: 0
      objectReference: {fileID: 0}
    - target: {fileID: 400000, guid: f6b09b941e91f49e49ebd177e621028e, type: 2}
      propertyPath: m_LocalRotation.z
      value: 1
      objectReference: {fileID: 0}
    - target: {fileID: 400000, guid: f6b09b941e91f49e49ebd177e621028e, type: 2}
      propertyPath: m_LocalRotation.w
      value: 7.54979013e-08
      objectReference: {fileID: 0}
    m_RemovedComponents: []
  m_ParentPrefab: {fileID: 100100000, guid: f6b09b941e91f49e49ebd177e621028e, type: 2}
  m_RootGameObject: {fileID: 1313412084}
  m_IsPrefabParent: 0
  m_IsExploded: 1
--- !u!1001 &934882446
Prefab:
  m_ObjectHideFlags: 0
  serializedVersion: 2
  m_Modification:
    m_TransformParent: {fileID: 0}
    m_Modifications:
    - target: {fileID: 400000, guid: 1ae4b5d4f9198425e9b2b7ccfb73984e, type: 2}
      propertyPath: m_LocalPosition.x
      value: -2.14889812
      objectReference: {fileID: 0}
    - target: {fileID: 400000, guid: 1ae4b5d4f9198425e9b2b7ccfb73984e, type: 2}
      propertyPath: m_LocalPosition.y
      value: 38.3148613
      objectReference: {fileID: 0}
    - target: {fileID: 400000, guid: 1ae4b5d4f9198425e9b2b7ccfb73984e, type: 2}
      propertyPath: m_LocalPosition.z
      value: -17.498642
      objectReference: {fileID: 0}
    - target: {fileID: 400000, guid: 1ae4b5d4f9198425e9b2b7ccfb73984e, type: 2}
      propertyPath: m_LocalRotation.x
      value: 0
      objectReference: {fileID: 0}
    - target: {fileID: 400000, guid: 1ae4b5d4f9198425e9b2b7ccfb73984e, type: 2}
      propertyPath: m_LocalRotation.y
      value: 0
      objectReference: {fileID: 0}
    - target: {fileID: 400000, guid: 1ae4b5d4f9198425e9b2b7ccfb73984e, type: 2}
      propertyPath: m_LocalRotation.z
      value: 0
      objectReference: {fileID: 0}
    - target: {fileID: 400000, guid: 1ae4b5d4f9198425e9b2b7ccfb73984e, type: 2}
      propertyPath: m_LocalRotation.w
      value: 1
      objectReference: {fileID: 0}
    m_RemovedComponents: []
  m_ParentPrefab: {fileID: 100100000, guid: 1ae4b5d4f9198425e9b2b7ccfb73984e, type: 2}
  m_RootGameObject: {fileID: 976438580}
  m_IsPrefabParent: 0
  m_IsExploded: 1
--- !u!1 &940685283
GameObject:
  m_ObjectHideFlags: 0
  m_PrefabParentObject: {fileID: 100016, guid: 6d707e76582f3401ba12f24e4bd58ecd, type: 2}
  m_PrefabInternal: {fileID: 1179301387}
  serializedVersion: 4
  m_Component:
  - 4: {fileID: 940685288}
  - 33: {fileID: 940685287}
  - 23: {fileID: 940685286}
  - 54: {fileID: 940685285}
  - 59: {fileID: 940685284}
  m_Layer: 0
  m_Name: c3
  m_TagString: Untagged
  m_Icon: {fileID: 0}
  m_NavMeshLayer: 0
  m_StaticEditorFlags: 0
  m_IsActive: 1
--- !u!59 &940685284
HingeJoint:
  m_ObjectHideFlags: 0
  m_PrefabParentObject: {fileID: 5900004, guid: 6d707e76582f3401ba12f24e4bd58ecd,
    type: 2}
  m_PrefabInternal: {fileID: 1179301387}
  m_GameObject: {fileID: 940685283}
  m_ConnectedBody: {fileID: 1889672281}
  m_Anchor: {x: -.0799999982, y: 0, z: 0}
  m_Axis: {x: 0, y: 1, z: 0}
  m_AutoConfigureConnectedAnchor: 1
  m_ConnectedAnchor: {x: -.0799999237, y: -8.28966666e-15, z: -2.96461552e-21}
  m_UseSpring: 0
  m_Spring:
    spring: 0
    damper: 0
    targetPosition: 0
  m_UseMotor: 0
  m_Motor:
    targetVelocity: 0
    force: 0
    freeSpin: 0
  m_UseLimits: 1
  m_Limits:
    min: 0
    max: 10
    minBounce: 0
    maxBounce: 0
  m_BreakForce: Infinity
  m_BreakTorque: Infinity
--- !u!54 &940685285
Rigidbody:
  m_ObjectHideFlags: 0
  m_PrefabParentObject: {fileID: 5400006, guid: 6d707e76582f3401ba12f24e4bd58ecd,
    type: 2}
  m_PrefabInternal: {fileID: 1179301387}
  m_GameObject: {fileID: 940685283}
  serializedVersion: 2
  m_Mass: 1
  m_Drag: 0
  m_AngularDrag: .0500000007
  m_UseGravity: 1
  m_IsKinematic: 0
  m_Interpolate: 0
  m_Constraints: 0
  m_CollisionDetection: 0
--- !u!23 &940685286
Renderer:
  m_ObjectHideFlags: 0
  m_PrefabParentObject: {fileID: 2300006, guid: 6d707e76582f3401ba12f24e4bd58ecd,
    type: 2}
  m_PrefabInternal: {fileID: 1179301387}
  m_GameObject: {fileID: 940685283}
  m_Enabled: 1
  m_CastShadows: 1
  m_ReceiveShadows: 1
  m_LightmapIndex: 255
  m_LightmapTilingOffset: {x: 1, y: 1, z: 0, w: 0}
  m_Materials:
  - {fileID: 2100000, guid: cce200197dda6a64498ae944cdcbe482, type: 2}
  - {fileID: 2100000, guid: 4bded05f4a57c5149a0c3b91b6bb65d5, type: 2}
  m_SubsetIndices: 
  m_StaticBatchRoot: {fileID: 0}
  m_UseLightProbes: 0
  m_LightProbeAnchor: {fileID: 0}
  m_ScaleInLightmap: 1
  m_SortingLayer: 0
  m_SortingOrder: 0
  m_SortingLayerID: 0
--- !u!33 &940685287
MeshFilter:
  m_ObjectHideFlags: 0
  m_PrefabParentObject: {fileID: 3300006, guid: 6d707e76582f3401ba12f24e4bd58ecd,
    type: 2}
  m_PrefabInternal: {fileID: 1179301387}
  m_GameObject: {fileID: 940685283}
  m_Mesh: {fileID: 4300002, guid: 8c8d4b50d9025f44eb8d8650df8fc6c8, type: 3}
--- !u!4 &940685288
Transform:
  m_ObjectHideFlags: 0
  m_PrefabParentObject: {fileID: 400016, guid: 6d707e76582f3401ba12f24e4bd58ecd, type: 2}
  m_PrefabInternal: {fileID: 1179301387}
  m_GameObject: {fileID: 940685283}
  m_LocalRotation: {x: -.707106888, y: 0, z: -0, w: .707106769}
  m_LocalPosition: {x: 0, y: 0, z: 0}
  m_LocalScale: {x: 1, y: 1, z: 1}
  m_Children: []
  m_Father: {fileID: 960022046}
--- !u!1 &960022045
GameObject:
  m_ObjectHideFlags: 0
  m_PrefabParentObject: {fileID: 100010, guid: 6d707e76582f3401ba12f24e4bd58ecd, type: 2}
  m_PrefabInternal: {fileID: 1179301387}
  serializedVersion: 4
  m_Component:
  - 4: {fileID: 960022046}
  - 95: {fileID: 960022047}
  m_Layer: 0
  m_Name: Fettina
  m_TagString: Untagged
  m_Icon: {fileID: 0}
  m_NavMeshLayer: 0
  m_StaticEditorFlags: 0
  m_IsActive: 1
--- !u!4 &960022046
Transform:
  m_ObjectHideFlags: 0
  m_PrefabParentObject: {fileID: 400010, guid: 6d707e76582f3401ba12f24e4bd58ecd, type: 2}
  m_PrefabInternal: {fileID: 1179301387}
  m_GameObject: {fileID: 960022045}
  m_LocalRotation: {x: 0, y: .707106829, z: 0, w: .707106709}
  m_LocalPosition: {x: 0, y: 0, z: 5}
  m_LocalScale: {x: 3, y: 3, z: 3}
  m_Children:
  - {fileID: 265630848}
  - {fileID: 1889672282}
  - {fileID: 940685288}
  - {fileID: 1448086413}
  - {fileID: 1169753508}
  m_Father: {fileID: 1433463361}
--- !u!95 &960022047
Animator:
  serializedVersion: 2
  m_ObjectHideFlags: 0
  m_PrefabParentObject: {fileID: 9500002, guid: 6d707e76582f3401ba12f24e4bd58ecd,
    type: 2}
  m_PrefabInternal: {fileID: 1179301387}
  m_GameObject: {fileID: 960022045}
  m_Enabled: 1
  m_Avatar: {fileID: 9000000, guid: 8c8d4b50d9025f44eb8d8650df8fc6c8, type: 3}
  m_Controller: {fileID: 0}
  m_CullingMode: 0
  m_ApplyRootMotion: 1
  m_AnimatePhysics: 0
  m_HasTransformHierarchy: 1
--- !u!1 &976438580
GameObject:
  m_ObjectHideFlags: 0
  m_PrefabParentObject: {fileID: 100000, guid: 1ae4b5d4f9198425e9b2b7ccfb73984e, type: 2}
  m_PrefabInternal: {fileID: 934882446}
  serializedVersion: 4
  m_Component:
  - 4: {fileID: 976438582}
  - 114: {fileID: 976438581}
  m_Layer: 0
  m_Name: CameraCapture
  m_TagString: Untagged
  m_Icon: {fileID: 0}
  m_NavMeshLayer: 0
  m_StaticEditorFlags: 0
  m_IsActive: 1
--- !u!114 &976438581
MonoBehaviour:
  m_ObjectHideFlags: 0
  m_PrefabParentObject: {fileID: 11400000, guid: 1ae4b5d4f9198425e9b2b7ccfb73984e,
    type: 2}
  m_PrefabInternal: {fileID: 934882446}
  m_GameObject: {fileID: 976438580}
  m_Enabled: 1
  m_EditorHideFlags: 0
  m_Script: {fileID: 11500000, guid: f94abccbb76f4a54d87045f49eb219a9, type: 3}
  m_Name: 
  m_EditorClassIdentifier: 
  backupTexture: {fileID: 0}
--- !u!4 &976438582
Transform:
  m_ObjectHideFlags: 0
  m_PrefabParentObject: {fileID: 400000, guid: 1ae4b5d4f9198425e9b2b7ccfb73984e, type: 2}
  m_PrefabInternal: {fileID: 934882446}
  m_GameObject: {fileID: 976438580}
  m_LocalRotation: {x: 0, y: 0, z: 0, w: 1}
  m_LocalPosition: {x: -2.14889812, y: 38.3148613, z: -17.498642}
  m_LocalScale: {x: 1, y: 1, z: 1}
  m_Children: []
  m_Father: {fileID: 0}
--- !u!1 &1080331884
GameObject:
  m_ObjectHideFlags: 0
  m_PrefabParentObject: {fileID: 100008, guid: 6d707e76582f3401ba12f24e4bd58ecd, type: 2}
  m_PrefabInternal: {fileID: 1179301387}
  serializedVersion: 4
  m_Component:
  - 4: {fileID: 1080331885}
  - 114: {fileID: 1080331886}
  - 114: {fileID: 1080331887}
  m_Layer: 0
  m_Name: _handController
  m_TagString: Untagged
  m_Icon: {fileID: 0}
  m_NavMeshLayer: 0
  m_StaticEditorFlags: 0
  m_IsActive: 1
--- !u!4 &1080331885
Transform:
  m_ObjectHideFlags: 0
  m_PrefabParentObject: {fileID: 400008, guid: 6d707e76582f3401ba12f24e4bd58ecd, type: 2}
  m_PrefabInternal: {fileID: 1179301387}
  m_GameObject: {fileID: 1080331884}
  m_LocalRotation: {x: 0, y: 0, z: 0, w: 1}
  m_LocalPosition: {x: 0, y: 0, z: 0}
  m_LocalScale: {x: 1, y: 1, z: 1}
  m_Children: []
  m_Father: {fileID: 592038352}
--- !u!114 &1080331886
MonoBehaviour:
  m_ObjectHideFlags: 0
  m_PrefabParentObject: {fileID: 11400002, guid: 6d707e76582f3401ba12f24e4bd58ecd,
    type: 2}
  m_PrefabInternal: {fileID: 1179301387}
  m_GameObject: {fileID: 1080331884}
  m_Enabled: 1
  m_EditorHideFlags: 0
  m_Script: {fileID: 11500000, guid: 8551ef79edf138f48b575387e97857fd, type: 3}
  m_Name: 
  m_EditorClassIdentifier: 
  mouseControl: 0
  unityHands:
  - {fileID: 1433463362}
  handSettings:
    highlightObjects: 1
    fingerDistanceMultiplier: 1
    leapPosMultiplier: {x: 30, y: 1, z: 30}
    throwingStrength: 20
    angularStrength: .200000003
    maxThrowingVelocity: 20
    maxAngularThrowingVelocity: 20
    leapPosOffset: {fileID: 592038352}
--- !u!114 &1080331887
MonoBehaviour:
  m_ObjectHideFlags: 0
  m_PrefabParentObject: {fileID: 11400006, guid: 6d707e76582f3401ba12f24e4bd58ecd,
    type: 2}
  m_PrefabInternal: {fileID: 1179301387}
  m_GameObject: {fileID: 1080331884}
  m_Enabled: 1
  m_EditorHideFlags: 0
  m_Script: {fileID: 11500000, guid: dbaef2a48a33e6e47bdb9a4b045cfbe1, type: 3}
  m_Name: 
  m_EditorClassIdentifier: 
  rotationDuration: 20
  rotationSpeed: 5
--- !u!1 &1169753507
GameObject:
  m_ObjectHideFlags: 0
  m_PrefabParentObject: {fileID: 100020, guid: 6d707e76582f3401ba12f24e4bd58ecd, type: 2}
  m_PrefabInternal: {fileID: 1179301387}
  serializedVersion: 4
  m_Component:
  - 4: {fileID: 1169753508}
  - 33: {fileID: 1169753512}
  - 23: {fileID: 1169753511}
  - 54: {fileID: 1169753510}
  - 59: {fileID: 1169753509}
  m_Layer: 0
  m_Name: c5
  m_TagString: Untagged
  m_Icon: {fileID: 0}
  m_NavMeshLayer: 0
  m_StaticEditorFlags: 0
  m_IsActive: 1
--- !u!4 &1169753508
Transform:
  m_ObjectHideFlags: 0
  m_PrefabParentObject: {fileID: 400020, guid: 6d707e76582f3401ba12f24e4bd58ecd, type: 2}
  m_PrefabInternal: {fileID: 1179301387}
  m_GameObject: {fileID: 1169753507}
  m_LocalRotation: {x: -.707106888, y: 0, z: -0, w: .707106769}
  m_LocalPosition: {x: 0, y: 0, z: 0}
  m_LocalScale: {x: 1, y: 1, z: 1}
  m_Children: []
  m_Father: {fileID: 960022046}
--- !u!59 &1169753509
HingeJoint:
  m_ObjectHideFlags: 0
  m_PrefabParentObject: {fileID: 5900000, guid: 6d707e76582f3401ba12f24e4bd58ecd,
    type: 2}
  m_PrefabInternal: {fileID: 1179301387}
  m_GameObject: {fileID: 1169753507}
  m_ConnectedBody: {fileID: 1448086415}
  m_Anchor: {x: 2.3599999, y: 0, z: 0}
  m_Axis: {x: 0, y: 1, z: 0}
  m_AutoConfigureConnectedAnchor: 1
  m_ConnectedAnchor: {x: 2.35999966, y: 0, z: 0}
  m_UseSpring: 0
  m_Spring:
    spring: 0
    damper: 0
    targetPosition: 0
  m_UseMotor: 0
  m_Motor:
    targetVelocity: 0
    force: 0
    freeSpin: 0
  m_UseLimits: 1
  m_Limits:
    min: 0
    max: 10
    minBounce: 0
    maxBounce: 0
  m_BreakForce: Infinity
  m_BreakTorque: Infinity
--- !u!54 &1169753510
Rigidbody:
  m_ObjectHideFlags: 0
  m_PrefabParentObject: {fileID: 5400002, guid: 6d707e76582f3401ba12f24e4bd58ecd,
    type: 2}
  m_PrefabInternal: {fileID: 1179301387}
  m_GameObject: {fileID: 1169753507}
  serializedVersion: 2
  m_Mass: 1
  m_Drag: 0
  m_AngularDrag: .0500000007
  m_UseGravity: 0
  m_IsKinematic: 1
  m_Interpolate: 0
  m_Constraints: 0
  m_CollisionDetection: 0
--- !u!23 &1169753511
Renderer:
  m_ObjectHideFlags: 0
  m_PrefabParentObject: {fileID: 2300010, guid: 6d707e76582f3401ba12f24e4bd58ecd,
    type: 2}
  m_PrefabInternal: {fileID: 1179301387}
  m_GameObject: {fileID: 1169753507}
  m_Enabled: 1
  m_CastShadows: 1
  m_ReceiveShadows: 1
  m_LightmapIndex: 255
  m_LightmapTilingOffset: {x: 1, y: 1, z: 0, w: 0}
  m_Materials:
  - {fileID: 2100000, guid: cce200197dda6a64498ae944cdcbe482, type: 2}
  m_SubsetIndices: 
  m_StaticBatchRoot: {fileID: 0}
  m_UseLightProbes: 0
  m_LightProbeAnchor: {fileID: 0}
  m_ScaleInLightmap: 1
  m_SortingLayer: 0
  m_SortingOrder: 0
  m_SortingLayerID: 0
--- !u!33 &1169753512
MeshFilter:
  m_ObjectHideFlags: 0
  m_PrefabParentObject: {fileID: 3300010, guid: 6d707e76582f3401ba12f24e4bd58ecd,
    type: 2}
  m_PrefabInternal: {fileID: 1179301387}
  m_GameObject: {fileID: 1169753507}
  m_Mesh: {fileID: 4300010, guid: 8c8d4b50d9025f44eb8d8650df8fc6c8, type: 3}
--- !u!1001 &1179301387
Prefab:
  m_ObjectHideFlags: 0
  serializedVersion: 2
  m_Modification:
    m_TransformParent: {fileID: 0}
    m_Modifications:
    - target: {fileID: 400000, guid: 6d707e76582f3401ba12f24e4bd58ecd, type: 2}
      propertyPath: m_LocalPosition.x
      value: 0
      objectReference: {fileID: 0}
    - target: {fileID: 400000, guid: 6d707e76582f3401ba12f24e4bd58ecd, type: 2}
      propertyPath: m_LocalPosition.y
      value: 10
      objectReference: {fileID: 0}
    - target: {fileID: 400000, guid: 6d707e76582f3401ba12f24e4bd58ecd, type: 2}
      propertyPath: m_LocalPosition.z
      value: 0
      objectReference: {fileID: 0}
    - target: {fileID: 400000, guid: 6d707e76582f3401ba12f24e4bd58ecd, type: 2}
      propertyPath: m_LocalRotation.x
      value: 0
      objectReference: {fileID: 0}
    - target: {fileID: 400000, guid: 6d707e76582f3401ba12f24e4bd58ecd, type: 2}
      propertyPath: m_LocalRotation.y
      value: 0
      objectReference: {fileID: 0}
    - target: {fileID: 400000, guid: 6d707e76582f3401ba12f24e4bd58ecd, type: 2}
      propertyPath: m_LocalRotation.z
      value: 0
      objectReference: {fileID: 0}
    - target: {fileID: 400000, guid: 6d707e76582f3401ba12f24e4bd58ecd, type: 2}
      propertyPath: m_LocalRotation.w
      value: 1
      objectReference: {fileID: 0}
    - target: {fileID: 400010, guid: 6d707e76582f3401ba12f24e4bd58ecd, type: 2}
      propertyPath: m_LocalScale.x
      value: 3
      objectReference: {fileID: 0}
    - target: {fileID: 400010, guid: 6d707e76582f3401ba12f24e4bd58ecd, type: 2}
      propertyPath: m_LocalScale.y
      value: 3
      objectReference: {fileID: 0}
    - target: {fileID: 400010, guid: 6d707e76582f3401ba12f24e4bd58ecd, type: 2}
      propertyPath: m_LocalScale.z
      value: 3
      objectReference: {fileID: 0}
    - target: {fileID: 11400002, guid: 6d707e76582f3401ba12f24e4bd58ecd, type: 2}
      propertyPath: mouseControl
      value: 0
      objectReference: {fileID: 0}
    - target: {fileID: 5900004, guid: 6d707e76582f3401ba12f24e4bd58ecd, type: 2}
      propertyPath: m_ConnectedAnchor.x
      value: -.0799999237
      objectReference: {fileID: 0}
    - target: {fileID: 5900000, guid: 6d707e76582f3401ba12f24e4bd58ecd, type: 2}
      propertyPath: m_ConnectedAnchor.x
      value: 2.35999966
      objectReference: {fileID: 0}
    - target: {fileID: 5900002, guid: 6d707e76582f3401ba12f24e4bd58ecd, type: 2}
      propertyPath: m_ConnectedAnchor.x
      value: 1.12999988
      objectReference: {fileID: 0}
    - target: {fileID: 5900004, guid: 6d707e76582f3401ba12f24e4bd58ecd, type: 2}
      propertyPath: m_ConnectedAnchor.y
      value: -8.28966666e-15
      objectReference: {fileID: 0}
    - target: {fileID: 5900004, guid: 6d707e76582f3401ba12f24e4bd58ecd, type: 2}
      propertyPath: m_ConnectedAnchor.z
      value: -2.96461552e-21
      objectReference: {fileID: 0}
    - target: {fileID: 5900002, guid: 6d707e76582f3401ba12f24e4bd58ecd, type: 2}
      propertyPath: m_ConnectedAnchor.y
      value: 0
      objectReference: {fileID: 0}
    - target: {fileID: 5900002, guid: 6d707e76582f3401ba12f24e4bd58ecd, type: 2}
      propertyPath: m_ConnectedAnchor.z
      value: 0
      objectReference: {fileID: 0}
    m_RemovedComponents: []
  m_ParentPrefab: {fileID: 100100000, guid: 6d707e76582f3401ba12f24e4bd58ecd, type: 2}
  m_RootGameObject: {fileID: 592038351}
  m_IsPrefabParent: 0
  m_IsExploded: 1
--- !u!1001 &1185610380
Prefab:
  m_ObjectHideFlags: 0
  serializedVersion: 2
  m_Modification:
    m_TransformParent: {fileID: 0}
    m_Modifications:
    - target: {fileID: 400002, guid: e0af3aa0ffb974fbca38f33376cca5d8, type: 2}
      propertyPath: m_LocalPosition.x
      value: 0
      objectReference: {fileID: 0}
    - target: {fileID: 400002, guid: e0af3aa0ffb974fbca38f33376cca5d8, type: 2}
      propertyPath: m_LocalPosition.y
      value: 0
      objectReference: {fileID: 0}
    - target: {fileID: 400002, guid: e0af3aa0ffb974fbca38f33376cca5d8, type: 2}
      propertyPath: m_LocalPosition.z
      value: 0
      objectReference: {fileID: 0}
    - target: {fileID: 400002, guid: e0af3aa0ffb974fbca38f33376cca5d8, type: 2}
      propertyPath: m_LocalRotation.x
      value: 0
      objectReference: {fileID: 0}
    - target: {fileID: 400002, guid: e0af3aa0ffb974fbca38f33376cca5d8, type: 2}
      propertyPath: m_LocalRotation.y
      value: 0
      objectReference: {fileID: 0}
    - target: {fileID: 400002, guid: e0af3aa0ffb974fbca38f33376cca5d8, type: 2}
      propertyPath: m_LocalRotation.z
      value: 0
      objectReference: {fileID: 0}
    - target: {fileID: 400002, guid: e0af3aa0ffb974fbca38f33376cca5d8, type: 2}
      propertyPath: m_LocalRotation.w
      value: 1
      objectReference: {fileID: 0}
    - target: {fileID: 11400000, guid: e0af3aa0ffb974fbca38f33376cca5d8, type: 2}
      propertyPath: SFXPlayer
      value: 
      objectReference: {fileID: 0}
    m_RemovedComponents: []
  m_ParentPrefab: {fileID: 100100000, guid: e0af3aa0ffb974fbca38f33376cca5d8, type: 2}
  m_RootGameObject: {fileID: 2137343531}
  m_IsPrefabParent: 0
  m_IsExploded: 1
--- !u!1 &1190828605
GameObject:
  m_ObjectHideFlags: 0
  m_PrefabParentObject: {fileID: 0}
  m_PrefabInternal: {fileID: 0}
  serializedVersion: 4
  m_Component:
  - 4: {fileID: 1190828607}
  - 114: {fileID: 1190828606}
  m_Layer: 0
  m_Name: PreserveMessenger
  m_TagString: Untagged
  m_Icon: {fileID: 0}
  m_NavMeshLayer: 0
  m_StaticEditorFlags: 0
  m_IsActive: 1
--- !u!114 &1190828606
MonoBehaviour:
  m_ObjectHideFlags: 0
  m_PrefabParentObject: {fileID: 0}
  m_PrefabInternal: {fileID: 0}
  m_GameObject: {fileID: 1190828605}
  m_Enabled: 1
  m_EditorHideFlags: 0
  m_Script: {fileID: 0}
  m_Name: 
  m_EditorClassIdentifier: 
--- !u!4 &1190828607
Transform:
  m_ObjectHideFlags: 0
  m_PrefabParentObject: {fileID: 0}
  m_PrefabInternal: {fileID: 0}
  m_GameObject: {fileID: 1190828605}
  m_LocalRotation: {x: 0, y: 0, z: 0, w: 1}
  m_LocalPosition: {x: 0, y: 0, z: 0}
  m_LocalScale: {x: 1, y: 1, z: 1}
  m_Children: []
  m_Father: {fileID: 0}
--- !u!1 &1313412084
GameObject:
  m_ObjectHideFlags: 0
  m_PrefabParentObject: {fileID: 100000, guid: f6b09b941e91f49e49ebd177e621028e, type: 2}
  m_PrefabInternal: {fileID: 751852647}
  serializedVersion: 4
  m_Component:
  - 4: {fileID: 1313412089}
  - 33: {fileID: 1313412088}
  - 23: {fileID: 1313412087}
  - 114: {fileID: 1313412085}
  - 65: {fileID: 1313412090}
  - 82: {fileID: 1313412091}
  - 54: {fileID: 1313412092}
  m_Layer: 10
  m_Name: MolePrefab
  m_TagString: Untagged
  m_Icon: {fileID: 0}
  m_NavMeshLayer: 0
  m_StaticEditorFlags: 0
  m_IsActive: 1
--- !u!114 &1313412085
MonoBehaviour:
  m_ObjectHideFlags: 0
  m_PrefabParentObject: {fileID: 11400000, guid: f6b09b941e91f49e49ebd177e621028e,
    type: 2}
  m_PrefabInternal: {fileID: 751852647}
  m_GameObject: {fileID: 1313412084}
  m_Enabled: 1
  m_EditorHideFlags: 0
  m_Script: {fileID: 11500000, guid: 77f5d55a4e1ff4e468c7f8044c6930e9, type: 3}
  m_Name: 
  m_EditorClassIdentifier: 
--- !u!23 &1313412087
Renderer:
  m_ObjectHideFlags: 0
  m_PrefabParentObject: {fileID: 2300000, guid: f6b09b941e91f49e49ebd177e621028e,
    type: 2}
  m_PrefabInternal: {fileID: 751852647}
  m_GameObject: {fileID: 1313412084}
  m_Enabled: 1
  m_CastShadows: 1
  m_ReceiveShadows: 1
  m_LightmapIndex: 255
  m_LightmapTilingOffset: {x: 1, y: 1, z: 0, w: 0}
  m_Materials:
  - {fileID: 2100000, guid: 4b6e98e482e33e749aadd67143a8815c, type: 2}
  - {fileID: 2100000, guid: 132fca037e8abba4da8fb51b90941c90, type: 2}
  - {fileID: 2100000, guid: 4b6e98e482e33e749aadd67143a8815c, type: 2}
  m_SubsetIndices: 
  m_StaticBatchRoot: {fileID: 0}
  m_UseLightProbes: 0
  m_LightProbeAnchor: {fileID: 0}
  m_ScaleInLightmap: 1
  m_SortingLayer: 0
  m_SortingOrder: 0
  m_SortingLayerID: 0
--- !u!33 &1313412088
MeshFilter:
  m_ObjectHideFlags: 0
  m_PrefabParentObject: {fileID: 3300000, guid: f6b09b941e91f49e49ebd177e621028e,
    type: 2}
  m_PrefabInternal: {fileID: 751852647}
  m_GameObject: {fileID: 1313412084}
  m_Mesh: {fileID: 4300000, guid: 77bdfa2dfb94642478b99751c1f3e767, type: 3}
--- !u!4 &1313412089
Transform:
  m_ObjectHideFlags: 0
  m_PrefabParentObject: {fileID: 400000, guid: f6b09b941e91f49e49ebd177e621028e, type: 2}
  m_PrefabInternal: {fileID: 751852647}
  m_GameObject: {fileID: 1313412084}
  m_LocalRotation: {x: 0, y: 0, z: 1, w: 7.54979013e-08}
  m_LocalPosition: {x: 1.33273613e-06, y: -10, z: 0}
  m_LocalScale: {x: 5, y: 5, z: 5}
  m_Children: []
  m_Father: {fileID: 0}
--- !u!65 &1313412090
BoxCollider:
  m_ObjectHideFlags: 0
  m_PrefabParentObject: {fileID: 6500000, guid: f6b09b941e91f49e49ebd177e621028e,
    type: 2}
  m_PrefabInternal: {fileID: 751852647}
  m_GameObject: {fileID: 1313412084}
  m_Material: {fileID: 0}
  m_IsTrigger: 1
  m_Enabled: 1
  serializedVersion: 2
  m_Size: {x: .974189997, y: 2.47522497, z: 1.51875091}
  m_Center: {x: 2.8421723e-14, y: .360682487, z: .0375305116}
--- !u!82 &1313412091
AudioSource:
  m_ObjectHideFlags: 0
  m_PrefabParentObject: {fileID: 8200000, guid: f6b09b941e91f49e49ebd177e621028e,
    type: 2}
  m_PrefabInternal: {fileID: 751852647}
  m_GameObject: {fileID: 1313412084}
  m_Enabled: 1
  serializedVersion: 3
  m_audioClip: {fileID: 0}
  m_PlayOnAwake: 0
  m_Volume: 1
  m_Pitch: 1
  Loop: 0
  Mute: 0
  Priority: 128
  DopplerLevel: 1
  MinDistance: 25
  MaxDistance: 500
  Pan2D: 0
  rolloffMode: 0
  BypassEffects: 0
  BypassListenerEffects: 0
  BypassReverbZones: 0
  rolloffCustomCurve:
    serializedVersion: 2
    m_Curve:
    - time: 0
      value: 1
      inSlope: 0
      outSlope: 0
      tangentMode: 0
    - time: 1
      value: 0
      inSlope: 0
      outSlope: 0
      tangentMode: 0
    m_PreInfinity: 2
    m_PostInfinity: 2
  panLevelCustomCurve:
    serializedVersion: 2
    m_Curve:
    - time: 0
      value: 1
      inSlope: 0
      outSlope: 0
      tangentMode: 0
    m_PreInfinity: 2
    m_PostInfinity: 2
  spreadCustomCurve:
    serializedVersion: 2
    m_Curve:
    - time: 0
      value: 0
      inSlope: 0
      outSlope: 0
      tangentMode: 0
    m_PreInfinity: 2
    m_PostInfinity: 2
--- !u!54 &1313412092
Rigidbody:
  m_ObjectHideFlags: 0
  m_PrefabParentObject: {fileID: 5400000, guid: f6b09b941e91f49e49ebd177e621028e,
    type: 2}
  m_PrefabInternal: {fileID: 751852647}
  m_GameObject: {fileID: 1313412084}
  serializedVersion: 2
  m_Mass: 1
  m_Drag: 0
  m_AngularDrag: .0500000007
  m_UseGravity: 0
  m_IsKinematic: 0
  m_Interpolate: 0
  m_Constraints: 0
  m_CollisionDetection: 0
--- !u!1 &1433463360
GameObject:
  m_ObjectHideFlags: 0
  m_PrefabParentObject: {fileID: 100004, guid: 6d707e76582f3401ba12f24e4bd58ecd, type: 2}
  m_PrefabInternal: {fileID: 1179301387}
  serializedVersion: 4
  m_Component:
  - 4: {fileID: 1433463361}
  - 114: {fileID: 1433463362}
  - 65: {fileID: 1433463365}
  - 114: {fileID: 1433463364}
  - 54: {fileID: 1433463363}
  m_Layer: 0
  m_Name: MartelloFettina
  m_TagString: Untagged
  m_Icon: {fileID: 0}
  m_NavMeshLayer: 0
  m_StaticEditorFlags: 0
  m_IsActive: 1
--- !u!4 &1433463361
Transform:
  m_ObjectHideFlags: 0
  m_PrefabParentObject: {fileID: 400004, guid: 6d707e76582f3401ba12f24e4bd58ecd, type: 2}
  m_PrefabInternal: {fileID: 1179301387}
  m_GameObject: {fileID: 1433463360}
  m_LocalRotation: {x: 0, y: 0, z: 0, w: 1}
  m_LocalPosition: {x: 0, y: 0, z: 0}
  m_LocalScale: {x: 1, y: 1, z: 1}
  m_Children:
  - {fileID: 960022046}
  - {fileID: 641569413}
  m_Father: {fileID: 592038352}
--- !u!114 &1433463362
MonoBehaviour:
  m_ObjectHideFlags: 0
  m_PrefabParentObject: {fileID: 11400000, guid: 6d707e76582f3401ba12f24e4bd58ecd,
    type: 2}
  m_PrefabInternal: {fileID: 1179301387}
  m_GameObject: {fileID: 1433463360}
  m_Enabled: 1
  m_EditorHideFlags: 0
  m_Script: {fileID: 11500000, guid: 92193ee65708c474dab3bfd9eab9d3d4, type: 3}
  m_Name: 
  m_EditorClassIdentifier: 
  initialLeapObject: {fileID: 0}
  handType: {fileID: 11400000, guid: beef0de63e7502742ba8425da1823ade, type: 2}
  isRightHand: 0
  settings:
    highlightObjects: 1
    fingerDistanceMultiplier: 1
    leapPosMultiplier: {x: 1, y: 1, z: 1}
    throwingStrength: 20
    angularStrength: .200000003
    maxThrowingVelocity: 20
    maxAngularThrowingVelocity: 20
    leapPosOffset: {fileID: 0}
  isHandDetermined: 0
  handFound: 0
  runUpdate: 1
--- !u!54 &1433463363
Rigidbody:
  m_ObjectHideFlags: 0
  m_PrefabParentObject: {fileID: 5400000, guid: 6d707e76582f3401ba12f24e4bd58ecd,
    type: 2}
  m_PrefabInternal: {fileID: 1179301387}
  m_GameObject: {fileID: 1433463360}
  serializedVersion: 2
  m_Mass: 1
  m_Drag: 0
  m_AngularDrag: .0500000007
  m_UseGravity: 0
  m_IsKinematic: 1
  m_Interpolate: 0
  m_Constraints: 0
  m_CollisionDetection: 0
--- !u!114 &1433463364
MonoBehaviour:
  m_ObjectHideFlags: 0
  m_PrefabParentObject: {fileID: 11400004, guid: 6d707e76582f3401ba12f24e4bd58ecd,
    type: 2}
  m_PrefabInternal: {fileID: 1179301387}
  m_GameObject: {fileID: 1433463360}
  m_Enabled: 1
  m_EditorHideFlags: 0
  m_Script: {fileID: 11500000, guid: 05cf73e4d1b53490b86faebac37d0dbf, type: 3}
  m_Name: 
  m_EditorClassIdentifier: 
--- !u!65 &1433463365
BoxCollider:
  m_ObjectHideFlags: 0
  m_PrefabParentObject: {fileID: 6500004, guid: 6d707e76582f3401ba12f24e4bd58ecd,
    type: 2}
  m_PrefabInternal: {fileID: 1179301387}
  m_GameObject: {fileID: 1433463360}
  m_Material: {fileID: 0}
  m_IsTrigger: 1
  m_Enabled: 1
  serializedVersion: 2
  m_Size: {x: 20, y: 14, z: 13}
  m_Center: {x: 0, y: 0, z: 10}
--- !u!1 &1448086412
GameObject:
  m_ObjectHideFlags: 0
  m_PrefabParentObject: {fileID: 100018, guid: 6d707e76582f3401ba12f24e4bd58ecd, type: 2}
  m_PrefabInternal: {fileID: 1179301387}
  serializedVersion: 4
  m_Component:
  - 4: {fileID: 1448086413}
  - 33: {fileID: 1448086417}
  - 23: {fileID: 1448086416}
  - 54: {fileID: 1448086415}
  - 59: {fileID: 1448086414}
  m_Layer: 0
  m_Name: c4
  m_TagString: Untagged
  m_Icon: {fileID: 0}
  m_NavMeshLayer: 0
  m_StaticEditorFlags: 0
  m_IsActive: 1
--- !u!4 &1448086413
Transform:
  m_ObjectHideFlags: 0
  m_PrefabParentObject: {fileID: 400018, guid: 6d707e76582f3401ba12f24e4bd58ecd, type: 2}
  m_PrefabInternal: {fileID: 1179301387}
  m_GameObject: {fileID: 1448086412}
  m_LocalRotation: {x: -.707106888, y: 0, z: -0, w: .707106769}
  m_LocalPosition: {x: 0, y: 0, z: 0}
  m_LocalScale: {x: 1, y: 1, z: 1}
  m_Children: []
  m_Father: {fileID: 960022046}
--- !u!59 &1448086414
HingeJoint:
  m_ObjectHideFlags: 0
  m_PrefabParentObject: {fileID: 5900002, guid: 6d707e76582f3401ba12f24e4bd58ecd,
    type: 2}
  m_PrefabInternal: {fileID: 1179301387}
  m_GameObject: {fileID: 1448086412}
  m_ConnectedBody: {fileID: 940685285}
  m_Anchor: {x: 1.13, y: 0, z: 0}
  m_Axis: {x: 0, y: 1, z: 0}
  m_AutoConfigureConnectedAnchor: 1
  m_ConnectedAnchor: {x: 1.12999988, y: 0, z: 0}
  m_UseSpring: 0
  m_Spring:
    spring: 0
    damper: 0
    targetPosition: 0
  m_UseMotor: 0
  m_Motor:
    targetVelocity: 0
    force: 0
    freeSpin: 0
  m_UseLimits: 1
  m_Limits:
    min: 0
    max: 10
    minBounce: 0
    maxBounce: 0
  m_BreakForce: Infinity
  m_BreakTorque: Infinity
--- !u!54 &1448086415
Rigidbody:
  m_ObjectHideFlags: 0
  m_PrefabParentObject: {fileID: 5400004, guid: 6d707e76582f3401ba12f24e4bd58ecd,
    type: 2}
  m_PrefabInternal: {fileID: 1179301387}
  m_GameObject: {fileID: 1448086412}
  serializedVersion: 2
  m_Mass: 1
  m_Drag: 0
  m_AngularDrag: .0500000007
  m_UseGravity: 1
  m_IsKinematic: 0
  m_Interpolate: 0
  m_Constraints: 0
  m_CollisionDetection: 0
--- !u!23 &1448086416
Renderer:
  m_ObjectHideFlags: 0
  m_PrefabParentObject: {fileID: 2300008, guid: 6d707e76582f3401ba12f24e4bd58ecd,
    type: 2}
  m_PrefabInternal: {fileID: 1179301387}
  m_GameObject: {fileID: 1448086412}
  m_Enabled: 1
  m_CastShadows: 1
  m_ReceiveShadows: 1
  m_LightmapIndex: 255
  m_LightmapTilingOffset: {x: 1, y: 1, z: 0, w: 0}
  m_Materials:
  - {fileID: 2100000, guid: cce200197dda6a64498ae944cdcbe482, type: 2}
  - {fileID: 2100000, guid: 4bded05f4a57c5149a0c3b91b6bb65d5, type: 2}
  m_SubsetIndices: 
  m_StaticBatchRoot: {fileID: 0}
  m_UseLightProbes: 0
  m_LightProbeAnchor: {fileID: 0}
  m_ScaleInLightmap: 1
  m_SortingLayer: 0
  m_SortingOrder: 0
  m_SortingLayerID: 0
--- !u!33 &1448086417
MeshFilter:
  m_ObjectHideFlags: 0
  m_PrefabParentObject: {fileID: 3300008, guid: 6d707e76582f3401ba12f24e4bd58ecd,
    type: 2}
  m_PrefabInternal: {fileID: 1179301387}
  m_GameObject: {fileID: 1448086412}
  m_Mesh: {fileID: 4300008, guid: 8c8d4b50d9025f44eb8d8650df8fc6c8, type: 3}
--- !u!1001 &1461765242
Prefab:
  m_ObjectHideFlags: 0
  serializedVersion: 2
  m_Modification:
    m_TransformParent: {fileID: 0}
    m_Modifications:
    - target: {fileID: 400000, guid: e5b52a2c5845945ee9ba19ba6ce8205d, type: 2}
      propertyPath: m_LocalPosition.x
      value: 0
      objectReference: {fileID: 0}
    - target: {fileID: 400000, guid: e5b52a2c5845945ee9ba19ba6ce8205d, type: 2}
      propertyPath: m_LocalPosition.y
      value: 0
      objectReference: {fileID: 0}
    - target: {fileID: 400000, guid: e5b52a2c5845945ee9ba19ba6ce8205d, type: 2}
      propertyPath: m_LocalPosition.z
      value: 0
      objectReference: {fileID: 0}
    - target: {fileID: 400000, guid: e5b52a2c5845945ee9ba19ba6ce8205d, type: 2}
      propertyPath: m_LocalRotation.x
      value: 0
      objectReference: {fileID: 0}
    - target: {fileID: 400000, guid: e5b52a2c5845945ee9ba19ba6ce8205d, type: 2}
      propertyPath: m_LocalRotation.y
      value: 0
      objectReference: {fileID: 0}
    - target: {fileID: 400000, guid: e5b52a2c5845945ee9ba19ba6ce8205d, type: 2}
      propertyPath: m_LocalRotation.z
      value: 0
      objectReference: {fileID: 0}
    - target: {fileID: 400000, guid: e5b52a2c5845945ee9ba19ba6ce8205d, type: 2}
      propertyPath: m_LocalRotation.w
      value: 1
      objectReference: {fileID: 0}
    - target: {fileID: 11400000, guid: e5b52a2c5845945ee9ba19ba6ce8205d, type: 2}
      propertyPath: moleContainer
      value: 
      objectReference: {fileID: 208091694}
    - target: {fileID: 11400000, guid: e5b52a2c5845945ee9ba19ba6ce8205d, type: 2}
      propertyPath: molePrefab
      value: 
      objectReference: {fileID: 1313412084}
    - target: {fileID: 11400000, guid: e5b52a2c5845945ee9ba19ba6ce8205d, type: 2}
      propertyPath: splashPrefab
      value: 
      objectReference: {fileID: 1897314162}
    - target: {fileID: 11400000, guid: e5b52a2c5845945ee9ba19ba6ce8205d, type: 2}
      propertyPath: spawnQuantity
      value: 10
      objectReference: {fileID: 0}
    m_RemovedComponents: []
  m_ParentPrefab: {fileID: 100100000, guid: e5b52a2c5845945ee9ba19ba6ce8205d, type: 2}
  m_RootGameObject: {fileID: 441879220}
  m_IsPrefabParent: 0
  m_IsExploded: 1
--- !u!1 &1569724589
GameObject:
  m_ObjectHideFlags: 0
  m_PrefabParentObject: {fileID: 100002, guid: 6d707e76582f3401ba12f24e4bd58ecd, type: 2}
  m_PrefabInternal: {fileID: 1179301387}
  serializedVersion: 4
  m_Component:
  - 4: {fileID: 1569724590}
  - 33: {fileID: 1569724592}
  - 23: {fileID: 1569724591}
  m_Layer: 0
  m_Name: Sledgehammer
  m_TagString: Untagged
  m_Icon: {fileID: 0}
  m_NavMeshLayer: 0
  m_StaticEditorFlags: 0
  m_IsActive: 1
--- !u!4 &1569724590
Transform:
  m_ObjectHideFlags: 0
  m_PrefabParentObject: {fileID: 400002, guid: 6d707e76582f3401ba12f24e4bd58ecd, type: 2}
  m_PrefabInternal: {fileID: 1179301387}
  m_GameObject: {fileID: 1569724589}
  m_LocalRotation: {x: 0, y: -0, z: -0, w: 1}
  m_LocalPosition: {x: -0, y: 0, z: 0}
  m_LocalScale: {x: 1, y: 1, z: 1}
  m_Children: []
  m_Father: {fileID: 641569413}
--- !u!23 &1569724591
Renderer:
  m_ObjectHideFlags: 0
  m_PrefabParentObject: {fileID: 2300000, guid: 6d707e76582f3401ba12f24e4bd58ecd,
    type: 2}
  m_PrefabInternal: {fileID: 1179301387}
  m_GameObject: {fileID: 1569724589}
  m_Enabled: 1
  m_CastShadows: 1
  m_ReceiveShadows: 1
  m_LightmapIndex: 255
  m_LightmapTilingOffset: {x: 1, y: 1, z: 0, w: 0}
  m_Materials:
  - {fileID: 2100000, guid: 374205c9a6a0849bc953ef7a7f196d59, type: 2}
  m_SubsetIndices: 
  m_StaticBatchRoot: {fileID: 0}
  m_UseLightProbes: 0
  m_LightProbeAnchor: {fileID: 0}
  m_ScaleInLightmap: 1
  m_SortingLayer: 0
  m_SortingOrder: 0
  m_SortingLayerID: 0
--- !u!33 &1569724592
MeshFilter:
  m_ObjectHideFlags: 0
  m_PrefabParentObject: {fileID: 3300000, guid: 6d707e76582f3401ba12f24e4bd58ecd,
    type: 2}
  m_PrefabInternal: {fileID: 1179301387}
  m_GameObject: {fileID: 1569724589}
  m_Mesh: {fileID: 4300000, guid: 7c88b042b35574c449b0e311c4cfbb23, type: 3}
--- !u!1 &1589355484
GameObject:
  m_ObjectHideFlags: 0
  m_PrefabParentObject: {fileID: 100006, guid: e0af3aa0ffb974fbca38f33376cca5d8, type: 2}
  m_PrefabInternal: {fileID: 1185610380}
  serializedVersion: 4
  m_Component:
  - 4: {fileID: 1589355485}
  - 82: {fileID: 1589355488}
  - 65: {fileID: 1589355487}
  - 108: {fileID: 1589355486}
  m_Layer: 0
  m_Name: SFXPlayer
  m_TagString: Untagged
  m_Icon: {fileID: 0}
  m_NavMeshLayer: 0
  m_StaticEditorFlags: 0
  m_IsActive: 1
--- !u!4 &1589355485
Transform:
  m_ObjectHideFlags: 0
  m_PrefabParentObject: {fileID: 400006, guid: e0af3aa0ffb974fbca38f33376cca5d8, type: 2}
  m_PrefabInternal: {fileID: 1185610380}
  m_GameObject: {fileID: 1589355484}
  m_LocalRotation: {x: 0, y: 0, z: 0, w: 1}
  m_LocalPosition: {x: 0, y: 0, z: 0}
  m_LocalScale: {x: 1, y: 1, z: 1}
  m_Children: []
  m_Father: {fileID: 2137343533}
--- !u!108 &1589355486
Light:
  m_ObjectHideFlags: 0
  m_PrefabParentObject: {fileID: 0}
  m_PrefabInternal: {fileID: 0}
  m_GameObject: {fileID: 1589355484}
  m_Enabled: 1
  serializedVersion: 3
  m_Type: 2
  m_Color: {r: 1, g: 1, b: 1, a: 1}
  m_Intensity: 1
  m_Range: 10
  m_SpotAngle: 30
  m_CookieSize: 10
  m_Shadows:
    m_Type: 0
    m_Resolution: -1
    m_Strength: 1
    m_Bias: .0500000007
    m_Softness: 4
    m_SoftnessFade: 1
  m_Cookie: {fileID: 0}
  m_DrawHalo: 0
  m_ActuallyLightmapped: 0
  m_Flare: {fileID: 0}
  m_RenderMode: 0
  m_CullingMask:
    serializedVersion: 2
    m_Bits: 4294967295
  m_Lightmapping: 1
  m_ShadowSamples: 1
  m_ShadowRadius: 0
  m_ShadowAngle: 0
  m_IndirectIntensity: 1
  m_AreaSize: {x: 1, y: 1}
--- !u!65 &1589355487
BoxCollider:
  m_ObjectHideFlags: 0
  m_PrefabParentObject: {fileID: 0}
  m_PrefabInternal: {fileID: 0}
  m_GameObject: {fileID: 1589355484}
  m_Material: {fileID: 0}
  m_IsTrigger: 0
  m_Enabled: 1
  serializedVersion: 2
  m_Size: {x: 1, y: 1, z: 1}
  m_Center: {x: 0, y: 0, z: 0}
--- !u!82 &1589355488
AudioSource:
  m_ObjectHideFlags: 0
  m_PrefabParentObject: {fileID: 8200004, guid: e0af3aa0ffb974fbca38f33376cca5d8,
    type: 2}
  m_PrefabInternal: {fileID: 1185610380}
  m_GameObject: {fileID: 1589355484}
  m_Enabled: 1
  serializedVersion: 3
  m_audioClip: {fileID: 0}
  m_PlayOnAwake: 0
  m_Volume: 1
  m_Pitch: 1
  Loop: 0
  Mute: 0
  Priority: 128
  DopplerLevel: 1
  MinDistance: 1
  MaxDistance: 500
  Pan2D: 0
  rolloffMode: 1
  BypassEffects: 0
  BypassListenerEffects: 0
  BypassReverbZones: 0
  rolloffCustomCurve:
    serializedVersion: 2
    m_Curve:
    - time: 0
      value: 1
      inSlope: 0
      outSlope: 0
      tangentMode: 0
    - time: 1
      value: 0
      inSlope: 0
      outSlope: 0
      tangentMode: 0
    m_PreInfinity: 2
    m_PostInfinity: 2
  panLevelCustomCurve:
    serializedVersion: 2
    m_Curve:
    - time: 0
      value: 1
      inSlope: 0
      outSlope: 0
      tangentMode: 0
    m_PreInfinity: 2
    m_PostInfinity: 2
  spreadCustomCurve:
    serializedVersion: 2
    m_Curve:
    - time: 0
      value: 0
      inSlope: 0
      outSlope: 0
      tangentMode: 0
    m_PreInfinity: 2
    m_PostInfinity: 2
--- !u!1 &1889672280
GameObject:
  m_ObjectHideFlags: 0
  m_PrefabParentObject: {fileID: 100014, guid: 6d707e76582f3401ba12f24e4bd58ecd, type: 2}
  m_PrefabInternal: {fileID: 1179301387}
  serializedVersion: 4
  m_Component:
  - 4: {fileID: 1889672282}
  - 33: {fileID: 1889672285}
  - 23: {fileID: 1889672284}
  - 54: {fileID: 1889672281}
  - 59: {fileID: 1889672283}
  m_Layer: 0
  m_Name: c2
  m_TagString: Untagged
  m_Icon: {fileID: 0}
  m_NavMeshLayer: 0
  m_StaticEditorFlags: 0
  m_IsActive: 1
--- !u!54 &1889672281
Rigidbody:
  m_ObjectHideFlags: 0
  m_PrefabParentObject: {fileID: 5400008, guid: 6d707e76582f3401ba12f24e4bd58ecd,
    type: 2}
  m_PrefabInternal: {fileID: 1179301387}
  m_GameObject: {fileID: 1889672280}
  serializedVersion: 2
  m_Mass: 1
  m_Drag: 0
  m_AngularDrag: .0500000007
  m_UseGravity: 1
  m_IsKinematic: 0
  m_Interpolate: 0
  m_Constraints: 0
  m_CollisionDetection: 0
--- !u!4 &1889672282
Transform:
  m_ObjectHideFlags: 0
  m_PrefabParentObject: {fileID: 400014, guid: 6d707e76582f3401ba12f24e4bd58ecd, type: 2}
  m_PrefabInternal: {fileID: 1179301387}
  m_GameObject: {fileID: 1889672280}
  m_LocalRotation: {x: -.707106888, y: 0, z: -0, w: .707106769}
  m_LocalPosition: {x: 0, y: 0, z: 0}
  m_LocalScale: {x: 1, y: 1, z: 1}
  m_Children: []
  m_Father: {fileID: 960022046}
--- !u!59 &1889672283
HingeJoint:
  m_ObjectHideFlags: 0
  m_PrefabParentObject: {fileID: 5900006, guid: 6d707e76582f3401ba12f24e4bd58ecd,
    type: 2}
  m_PrefabInternal: {fileID: 1179301387}
  m_GameObject: {fileID: 1889672280}
  m_ConnectedBody: {fileID: 265630849}
  m_Anchor: {x: -1.65999997, y: 0, z: 0}
  m_Axis: {x: 0, y: 1, z: 0}
  m_AutoConfigureConnectedAnchor: 1
  m_ConnectedAnchor: {x: -1.65999973, y: -0, z: 0}
  m_UseSpring: 0
  m_Spring:
    spring: 0
    damper: 0
    targetPosition: 0
  m_UseMotor: 0
  m_Motor:
    targetVelocity: 0
    force: 0
    freeSpin: 0
  m_UseLimits: 1
  m_Limits:
    min: 0
    max: 10
    minBounce: 0
    maxBounce: 0
  m_BreakForce: Infinity
  m_BreakTorque: Infinity
--- !u!23 &1889672284
Renderer:
  m_ObjectHideFlags: 0
  m_PrefabParentObject: {fileID: 2300004, guid: 6d707e76582f3401ba12f24e4bd58ecd,
    type: 2}
  m_PrefabInternal: {fileID: 1179301387}
  m_GameObject: {fileID: 1889672280}
  m_Enabled: 1
  m_CastShadows: 1
  m_ReceiveShadows: 1
  m_LightmapIndex: 255
  m_LightmapTilingOffset: {x: 1, y: 1, z: 0, w: 0}
  m_Materials:
  - {fileID: 2100000, guid: cce200197dda6a64498ae944cdcbe482, type: 2}
  - {fileID: 2100000, guid: 4bded05f4a57c5149a0c3b91b6bb65d5, type: 2}
  m_SubsetIndices: 
  m_StaticBatchRoot: {fileID: 0}
  m_UseLightProbes: 0
  m_LightProbeAnchor: {fileID: 0}
  m_ScaleInLightmap: 1
  m_SortingLayer: 0
  m_SortingOrder: 0
  m_SortingLayerID: 0
--- !u!33 &1889672285
MeshFilter:
  m_ObjectHideFlags: 0
  m_PrefabParentObject: {fileID: 3300004, guid: 6d707e76582f3401ba12f24e4bd58ecd,
    type: 2}
  m_PrefabInternal: {fileID: 1179301387}
  m_GameObject: {fileID: 1889672280}
  m_Mesh: {fileID: 4300004, guid: 8c8d4b50d9025f44eb8d8650df8fc6c8, type: 3}
--- !u!1 &1897314162
GameObject:
  m_ObjectHideFlags: 0
  m_PrefabParentObject: {fileID: 100000, guid: c0cec9e667e0a4d8d9f14758f57ad99e, type: 2}
  m_PrefabInternal: {fileID: 1901458170}
  serializedVersion: 4
  m_Component:
  - 4: {fileID: 1897314165}
  - 198: {fileID: 1897314164}
  - 199: {fileID: 1897314163}
  m_Layer: 0
  m_Name: Splash
  m_TagString: Untagged
  m_Icon: {fileID: 0}
  m_NavMeshLayer: 0
  m_StaticEditorFlags: 0
  m_IsActive: 1
--- !u!199 &1897314163
ParticleSystemRenderer:
  m_ObjectHideFlags: 0
  m_PrefabParentObject: {fileID: 19900000, guid: c0cec9e667e0a4d8d9f14758f57ad99e,
    type: 2}
  m_PrefabInternal: {fileID: 1901458170}
  m_GameObject: {fileID: 1897314162}
  m_Enabled: 1
  m_CastShadows: 1
  m_ReceiveShadows: 1
  m_LightmapIndex: 255
  m_LightmapTilingOffset: {x: 1, y: 1, z: 0, w: 0}
  m_Materials:
  - {fileID: 2100000, guid: 7db7c76f48c664095bd1da629a9a5f92, type: 2}
  m_SubsetIndices: 
  m_StaticBatchRoot: {fileID: 0}
  m_UseLightProbes: 0
  m_LightProbeAnchor: {fileID: 0}
  m_ScaleInLightmap: 1
  m_SortingLayer: 0
  m_SortingOrder: 0
  m_SortingLayerID: 0
  m_RenderMode: 4
  m_MaxParticleSize: .5
  m_CameraVelocityScale: 0
  m_VelocityScale: 0
  m_LengthScale: 2
  m_SortingFudge: 0
  m_NormalDirection: 1
  m_SortMode: 1
  m_Mesh: {fileID: 10210, guid: 0000000000000000e000000000000000, type: 0}
  m_Mesh1: {fileID: 0}
  m_Mesh2: {fileID: 0}
  m_Mesh3: {fileID: 0}
--- !u!198 &1897314164
ParticleSystem:
  m_ObjectHideFlags: 0
  m_PrefabParentObject: {fileID: 19800000, guid: c0cec9e667e0a4d8d9f14758f57ad99e,
    type: 2}
  m_PrefabInternal: {fileID: 1901458170}
  m_GameObject: {fileID: 1897314162}
  lengthInSec: 2.5
  startDelay: 0
  speed: 1
  randomSeed: 0
  looping: 0
  prewarm: 0
  playOnAwake: 1
  moveWithTransform: 1
  InitialModule:
    enabled: 1
    startLifetime:
      scalar: 2
      maxCurve:
        serializedVersion: 2
        m_Curve:
        - time: 0
          value: 1
          inSlope: 0
          outSlope: 0
          tangentMode: 0
        - time: 1
          value: 1
          inSlope: 0
          outSlope: 0
          tangentMode: 0
        m_PreInfinity: 2
        m_PostInfinity: 2
      minCurve:
        serializedVersion: 2
        m_Curve:
        - time: 0
          value: 0
          inSlope: 0
          outSlope: 0
          tangentMode: 0
        - time: 1
          value: 0
          inSlope: 0
          outSlope: 0
          tangentMode: 0
        m_PreInfinity: 2
        m_PostInfinity: 2
      minMaxState: 0
    startSpeed:
      scalar: 1
      maxCurve:
        serializedVersion: 2
        m_Curve:
        - time: 0
          value: 1
          inSlope: 0
          outSlope: 0
          tangentMode: 0
        - time: 1
          value: 1
          inSlope: 0
          outSlope: 0
          tangentMode: 0
        m_PreInfinity: 2
        m_PostInfinity: 2
      minCurve:
        serializedVersion: 2
        m_Curve:
        - time: 0
          value: 0
          inSlope: 0
          outSlope: 0
          tangentMode: 0
        - time: 1
          value: 0
          inSlope: 0
          outSlope: 0
          tangentMode: 0
        m_PreInfinity: 2
        m_PostInfinity: 2
      minMaxState: 0
    startColor:
      maxGradient:
        key0:
          serializedVersion: 2
          rgba: 4294967295
        key1:
          serializedVersion: 2
          rgba: 4294967295
        key2:
          serializedVersion: 2
          rgba: 0
        key3:
          serializedVersion: 2
          rgba: 0
        key4:
          serializedVersion: 2
          rgba: 0
        key5:
          serializedVersion: 2
          rgba: 0
        key6:
          serializedVersion: 2
          rgba: 0
        key7:
          serializedVersion: 2
          rgba: 0
        ctime0: 0
        ctime1: 65535
        ctime2: 0
        ctime3: 0
        ctime4: 0
        ctime5: 0
        ctime6: 0
        ctime7: 0
        atime0: 0
        atime1: 65535
        atime2: 0
        atime3: 0
        atime4: 0
        atime5: 0
        atime6: 0
        atime7: 0
        m_NumColorKeys: 2
        m_NumAlphaKeys: 2
      minGradient:
        key0:
          serializedVersion: 2
          rgba: 4294967295
        key1:
          serializedVersion: 2
          rgba: 4294967295
        key2:
          serializedVersion: 2
          rgba: 0
        key3:
          serializedVersion: 2
          rgba: 0
        key4:
          serializedVersion: 2
          rgba: 0
        key5:
          serializedVersion: 2
          rgba: 0
        key6:
          serializedVersion: 2
          rgba: 0
        key7:
          serializedVersion: 2
          rgba: 0
        ctime0: 0
        ctime1: 65535
        ctime2: 0
        ctime3: 0
        ctime4: 0
        ctime5: 0
        ctime6: 0
        ctime7: 0
        atime0: 0
        atime1: 65535
        atime2: 0
        atime3: 0
        atime4: 0
        atime5: 0
        atime6: 0
        atime7: 0
        m_NumColorKeys: 2
        m_NumAlphaKeys: 2
      minColor:
        serializedVersion: 2
        rgba: 4294967295
      maxColor:
        serializedVersion: 2
        rgba: 4294967295
      minMaxState: 0
    startSize:
      scalar: 1
      maxCurve:
        serializedVersion: 2
        m_Curve:
        - time: 0
          value: 1
          inSlope: 0
          outSlope: 0
          tangentMode: 0
        - time: 1
          value: 1
          inSlope: 0
          outSlope: 0
          tangentMode: 0
        m_PreInfinity: 2
        m_PostInfinity: 2
      minCurve:
        serializedVersion: 2
        m_Curve:
        - time: 0
          value: 0
          inSlope: 0
          outSlope: 0
          tangentMode: 0
        - time: 1
          value: 0
          inSlope: 0
          outSlope: 0
          tangentMode: 0
        m_PreInfinity: 2
        m_PostInfinity: 2
      minMaxState: 0
    startRotation:
      scalar: 0
      maxCurve:
        serializedVersion: 2
        m_Curve:
        - time: 0
          value: 1
          inSlope: 0
          outSlope: 0
          tangentMode: 0
        - time: 1
          value: 1
          inSlope: 0
          outSlope: 0
          tangentMode: 0
        m_PreInfinity: 2
        m_PostInfinity: 2
      minCurve:
        serializedVersion: 2
        m_Curve:
        - time: 0
          value: 0
          inSlope: 0
          outSlope: 0
          tangentMode: 0
        - time: 1
          value: 0
          inSlope: 0
          outSlope: 0
          tangentMode: 0
        m_PreInfinity: 2
        m_PostInfinity: 2
      minMaxState: 0
    gravityModifier: .00999999978
    inheritVelocity: 0
    maxNumParticles: 500
  ShapeModule:
    serializedVersion: 2
    enabled: 1
    type: 4
    radius: .00999999978
    angle: 0
    length: 1
    boxX: .100000001
    boxY: .100000001
    boxZ: .100000001
    placementMode: 0
    m_Mesh: {fileID: 0}
    randomDirection: 0
  EmissionModule:
    enabled: 1
    m_Type: 0
    rate:
      scalar: 5
      maxCurve:
        serializedVersion: 2
        m_Curve:
        - time: .0926829278
          value: 1
          inSlope: -0
          outSlope: -0
          tangentMode: 0
        - time: .0975609794
          value: .194690257
          inSlope: 0
          outSlope: 0
          tangentMode: 0
        m_PreInfinity: 2
        m_PostInfinity: 2
      minCurve:
        serializedVersion: 2
        m_Curve:
        - time: 0
          value: 0
          inSlope: 0
          outSlope: 0
          tangentMode: 0
        - time: 1
          value: 0
          inSlope: 0
          outSlope: 0
          tangentMode: 0
        m_PreInfinity: 2
        m_PostInfinity: 2
      minMaxState: 1
    cnt0: 30
    cnt1: 30
    cnt2: 30
    cnt3: 30
    time0: 0
    time1: 0
    time2: 0
    time3: 0
    m_BurstCount: 0
  SizeModule:
    enabled: 1
    curve:
      scalar: 20
      maxCurve:
        serializedVersion: 2
        m_Curve:
        - time: 0
          value: .256637186
          inSlope: .317878395
          outSlope: .317878395
          tangentMode: 10
        - time: 1
          value: .574515581
          inSlope: .317878395
          outSlope: .317878395
          tangentMode: 10
        m_PreInfinity: 2
        m_PostInfinity: 2
      minCurve:
        serializedVersion: 2
        m_Curve:
        - time: 0
          value: 0
          inSlope: 0
          outSlope: 0
          tangentMode: 0
        - time: 1
          value: 0
          inSlope: 0
          outSlope: 0
          tangentMode: 0
        m_PreInfinity: 2
        m_PostInfinity: 2
      minMaxState: 1
  RotationModule:
    enabled: 0
    curve:
      scalar: .785398185
      maxCurve:
        serializedVersion: 2
        m_Curve:
        - time: 0
          value: 1
          inSlope: 0
          outSlope: 0
          tangentMode: 0
        - time: 1
          value: 1
          inSlope: 0
          outSlope: 0
          tangentMode: 0
        m_PreInfinity: 2
        m_PostInfinity: 2
      minCurve:
        serializedVersion: 2
        m_Curve:
        - time: 0
          value: 0
          inSlope: 0
          outSlope: 0
          tangentMode: 0
        - time: 1
          value: 0
          inSlope: 0
          outSlope: 0
          tangentMode: 0
        m_PreInfinity: 2
        m_PostInfinity: 2
      minMaxState: 0
  ColorModule:
    enabled: 0
    gradient:
      maxGradient:
        key0:
          serializedVersion: 2
          rgba: 4280229663
        key1:
          serializedVersion: 2
          rgba: 4294967295
        key2:
          serializedVersion: 2
          rgba: 0
        key3:
          serializedVersion: 2
          rgba: 0
        key4:
          serializedVersion: 2
          rgba: 0
        key5:
          serializedVersion: 2
          rgba: 0
        key6:
          serializedVersion: 2
          rgba: 0
        key7:
          serializedVersion: 2
          rgba: 0
        ctime0: 0
        ctime1: 65535
        ctime2: 0
        ctime3: 0
        ctime4: 0
        ctime5: 0
        ctime6: 0
        ctime7: 0
        atime0: 0
        atime1: 65535
        atime2: 0
        atime3: 0
        atime4: 0
        atime5: 0
        atime6: 0
        atime7: 0
        m_NumColorKeys: 2
        m_NumAlphaKeys: 2
      minGradient:
        key0:
          serializedVersion: 2
          rgba: 4294967295
        key1:
          serializedVersion: 2
          rgba: 4294967295
        key2:
          serializedVersion: 2
          rgba: 0
        key3:
          serializedVersion: 2
          rgba: 0
        key4:
          serializedVersion: 2
          rgba: 0
        key5:
          serializedVersion: 2
          rgba: 0
        key6:
          serializedVersion: 2
          rgba: 0
        key7:
          serializedVersion: 2
          rgba: 0
        ctime0: 0
        ctime1: 65535
        ctime2: 0
        ctime3: 0
        ctime4: 0
        ctime5: 0
        ctime6: 0
        ctime7: 0
        atime0: 0
        atime1: 65535
        atime2: 0
        atime3: 0
        atime4: 0
        atime5: 0
        atime6: 0
        atime7: 0
        m_NumColorKeys: 2
        m_NumAlphaKeys: 2
      minColor:
        serializedVersion: 2
        rgba: 4294967295
      maxColor:
        serializedVersion: 2
        rgba: 4294967295
      minMaxState: 1
  UVModule:
    enabled: 0
    frameOverTime:
      scalar: 1
      maxCurve:
        serializedVersion: 2
        m_Curve:
        - time: 0
          value: 0
          inSlope: 0
          outSlope: 1
          tangentMode: 0
        - time: 1
          value: 1
          inSlope: 1
          outSlope: 0
          tangentMode: 0
        m_PreInfinity: 2
        m_PostInfinity: 2
      minCurve:
        serializedVersion: 2
        m_Curve:
        - time: 0
          value: 0
          inSlope: 0
          outSlope: 1
          tangentMode: 0
        - time: 1
          value: 1
          inSlope: 1
          outSlope: 0
          tangentMode: 0
        m_PreInfinity: 2
        m_PostInfinity: 2
      minMaxState: 1
    tilesX: 1
    tilesY: 1
    animationType: 0
    rowIndex: 0
    cycles: 1
    randomRow: 1
  VelocityModule:
    enabled: 0
    x:
      scalar: 0
      maxCurve:
        serializedVersion: 2
        m_Curve:
        - time: 0
          value: 1
          inSlope: 0
          outSlope: 0
          tangentMode: 0
        - time: 1
          value: 1
          inSlope: 0
          outSlope: 0
          tangentMode: 0
        m_PreInfinity: 2
        m_PostInfinity: 2
      minCurve:
        serializedVersion: 2
        m_Curve:
        - time: 0
          value: 0
          inSlope: 0
          outSlope: 0
          tangentMode: 0
        - time: 1
          value: 0
          inSlope: 0
          outSlope: 0
          tangentMode: 0
        m_PreInfinity: 2
        m_PostInfinity: 2
      minMaxState: 0
    y:
      scalar: 0
      maxCurve:
        serializedVersion: 2
        m_Curve:
        - time: 0
          value: 1
          inSlope: 0
          outSlope: 0
          tangentMode: 0
        - time: 1
          value: 1
          inSlope: 0
          outSlope: 0
          tangentMode: 0
        m_PreInfinity: 2
        m_PostInfinity: 2
      minCurve:
        serializedVersion: 2
        m_Curve:
        - time: 0
          value: 0
          inSlope: 0
          outSlope: 0
          tangentMode: 0
        - time: 1
          value: 0
          inSlope: 0
          outSlope: 0
          tangentMode: 0
        m_PreInfinity: 2
        m_PostInfinity: 2
      minMaxState: 0
    z:
      scalar: 0
      maxCurve:
        serializedVersion: 2
        m_Curve:
        - time: 0
          value: 1
          inSlope: 0
          outSlope: 0
          tangentMode: 0
        - time: 1
          value: 1
          inSlope: 0
          outSlope: 0
          tangentMode: 0
        m_PreInfinity: 2
        m_PostInfinity: 2
      minCurve:
        serializedVersion: 2
        m_Curve:
        - time: 0
          value: 0
          inSlope: 0
          outSlope: 0
          tangentMode: 0
        - time: 1
          value: 0
          inSlope: 0
          outSlope: 0
          tangentMode: 0
        m_PreInfinity: 2
        m_PostInfinity: 2
      minMaxState: 0
    inWorldSpace: 0
  ForceModule:
    enabled: 0
    x:
      scalar: 0
      maxCurve:
        serializedVersion: 2
        m_Curve:
        - time: 0
          value: 1
          inSlope: 0
          outSlope: 0
          tangentMode: 0
        - time: 1
          value: 1
          inSlope: 0
          outSlope: 0
          tangentMode: 0
        m_PreInfinity: 2
        m_PostInfinity: 2
      minCurve:
        serializedVersion: 2
        m_Curve:
        - time: 0
          value: 0
          inSlope: 0
          outSlope: 0
          tangentMode: 0
        - time: 1
          value: 0
          inSlope: 0
          outSlope: 0
          tangentMode: 0
        m_PreInfinity: 2
        m_PostInfinity: 2
      minMaxState: 0
    y:
      scalar: 0
      maxCurve:
        serializedVersion: 2
        m_Curve:
        - time: 0
          value: 1
          inSlope: 0
          outSlope: 0
          tangentMode: 0
        - time: 1
          value: 1
          inSlope: 0
          outSlope: 0
          tangentMode: 0
        m_PreInfinity: 2
        m_PostInfinity: 2
      minCurve:
        serializedVersion: 2
        m_Curve:
        - time: 0
          value: 0
          inSlope: 0
          outSlope: 0
          tangentMode: 0
        - time: 1
          value: 0
          inSlope: 0
          outSlope: 0
          tangentMode: 0
        m_PreInfinity: 2
        m_PostInfinity: 2
      minMaxState: 0
    z:
      scalar: 0
      maxCurve:
        serializedVersion: 2
        m_Curve:
        - time: 0
          value: 1
          inSlope: 0
          outSlope: 0
          tangentMode: 0
        - time: 1
          value: 1
          inSlope: 0
          outSlope: 0
          tangentMode: 0
        m_PreInfinity: 2
        m_PostInfinity: 2
      minCurve:
        serializedVersion: 2
        m_Curve:
        - time: 0
          value: 0
          inSlope: 0
          outSlope: 0
          tangentMode: 0
        - time: 1
          value: 0
          inSlope: 0
          outSlope: 0
          tangentMode: 0
        m_PreInfinity: 2
        m_PostInfinity: 2
      minMaxState: 0
    inWorldSpace: 0
    randomizePerFrame: 0
  ExternalForcesModule:
    enabled: 0
    multiplier: 1
  ClampVelocityModule:
    enabled: 0
    x:
      scalar: 1
      maxCurve:
        serializedVersion: 2
        m_Curve:
        - time: 0
          value: 1
          inSlope: 0
          outSlope: 0
          tangentMode: 0
        - time: 1
          value: 1
          inSlope: 0
          outSlope: 0
          tangentMode: 0
        m_PreInfinity: 2
        m_PostInfinity: 2
      minCurve:
        serializedVersion: 2
        m_Curve:
        - time: 0
          value: 0
          inSlope: 0
          outSlope: 0
          tangentMode: 0
        - time: 1
          value: 0
          inSlope: 0
          outSlope: 0
          tangentMode: 0
        m_PreInfinity: 2
        m_PostInfinity: 2
      minMaxState: 0
    y:
      scalar: 1
      maxCurve:
        serializedVersion: 2
        m_Curve:
        - time: 0
          value: 1
          inSlope: 0
          outSlope: 0
          tangentMode: 0
        - time: 1
          value: 1
          inSlope: 0
          outSlope: 0
          tangentMode: 0
        m_PreInfinity: 2
        m_PostInfinity: 2
      minCurve:
        serializedVersion: 2
        m_Curve:
        - time: 0
          value: 0
          inSlope: 0
          outSlope: 0
          tangentMode: 0
        - time: 1
          value: 0
          inSlope: 0
          outSlope: 0
          tangentMode: 0
        m_PreInfinity: 2
        m_PostInfinity: 2
      minMaxState: 0
    z:
      scalar: 1
      maxCurve:
        serializedVersion: 2
        m_Curve:
        - time: 0
          value: 1
          inSlope: 0
          outSlope: 0
          tangentMode: 0
        - time: 1
          value: 1
          inSlope: 0
          outSlope: 0
          tangentMode: 0
        m_PreInfinity: 2
        m_PostInfinity: 2
      minCurve:
        serializedVersion: 2
        m_Curve:
        - time: 0
          value: 0
          inSlope: 0
          outSlope: 0
          tangentMode: 0
        - time: 1
          value: 0
          inSlope: 0
          outSlope: 0
          tangentMode: 0
        m_PreInfinity: 2
        m_PostInfinity: 2
      minMaxState: 0
    magnitude:
      scalar: 1
      maxCurve:
        serializedVersion: 2
        m_Curve:
        - time: 0
          value: 1
          inSlope: 0
          outSlope: 0
          tangentMode: 0
        - time: 1
          value: 1
          inSlope: 0
          outSlope: 0
          tangentMode: 0
        m_PreInfinity: 2
        m_PostInfinity: 2
      minCurve:
        serializedVersion: 2
        m_Curve:
        - time: 0
          value: 0
          inSlope: 0
          outSlope: 0
          tangentMode: 0
        - time: 1
          value: 0
          inSlope: 0
          outSlope: 0
          tangentMode: 0
        m_PreInfinity: 2
        m_PostInfinity: 2
      minMaxState: 0
    separateAxis: 0
    inWorldSpace: 0
    dampen: 1
  SizeBySpeedModule:
    enabled: 0
    curve:
      scalar: 1
      maxCurve:
        serializedVersion: 2
        m_Curve:
        - time: 0
          value: 1
          inSlope: 0
          outSlope: 0
          tangentMode: 0
        - time: 1
          value: 1
          inSlope: 0
          outSlope: 0
          tangentMode: 0
        m_PreInfinity: 2
        m_PostInfinity: 2
      minCurve:
        serializedVersion: 2
        m_Curve:
        - time: 0
          value: 0
          inSlope: 0
          outSlope: 0
          tangentMode: 0
        - time: 1
          value: 0
          inSlope: 0
          outSlope: 0
          tangentMode: 0
        m_PreInfinity: 2
        m_PostInfinity: 2
      minMaxState: 1
    range: {x: 0, y: 1}
  RotationBySpeedModule:
    enabled: 0
    curve:
      scalar: .785398185
      maxCurve:
        serializedVersion: 2
        m_Curve:
        - time: 0
          value: 1
          inSlope: 0
          outSlope: 0
          tangentMode: 0
        - time: 1
          value: 1
          inSlope: 0
          outSlope: 0
          tangentMode: 0
        m_PreInfinity: 2
        m_PostInfinity: 2
      minCurve:
        serializedVersion: 2
        m_Curve:
        - time: 0
          value: 0
          inSlope: 0
          outSlope: 0
          tangentMode: 0
        - time: 1
          value: 0
          inSlope: 0
          outSlope: 0
          tangentMode: 0
        m_PreInfinity: 2
        m_PostInfinity: 2
      minMaxState: 0
    range: {x: 0, y: 1}
  ColorBySpeedModule:
    enabled: 0
    gradient:
      maxGradient:
        key0:
          serializedVersion: 2
          rgba: 4294967295
        key1:
          serializedVersion: 2
          rgba: 4294967295
        key2:
          serializedVersion: 2
          rgba: 0
        key3:
          serializedVersion: 2
          rgba: 0
        key4:
          serializedVersion: 2
          rgba: 0
        key5:
          serializedVersion: 2
          rgba: 0
        key6:
          serializedVersion: 2
          rgba: 0
        key7:
          serializedVersion: 2
          rgba: 0
        ctime0: 0
        ctime1: 65535
        ctime2: 0
        ctime3: 0
        ctime4: 0
        ctime5: 0
        ctime6: 0
        ctime7: 0
        atime0: 0
        atime1: 65535
        atime2: 0
        atime3: 0
        atime4: 0
        atime5: 0
        atime6: 0
        atime7: 0
        m_NumColorKeys: 2
        m_NumAlphaKeys: 2
      minGradient:
        key0:
          serializedVersion: 2
          rgba: 4294967295
        key1:
          serializedVersion: 2
          rgba: 4294967295
        key2:
          serializedVersion: 2
          rgba: 0
        key3:
          serializedVersion: 2
          rgba: 0
        key4:
          serializedVersion: 2
          rgba: 0
        key5:
          serializedVersion: 2
          rgba: 0
        key6:
          serializedVersion: 2
          rgba: 0
        key7:
          serializedVersion: 2
          rgba: 0
        ctime0: 0
        ctime1: 65535
        ctime2: 0
        ctime3: 0
        ctime4: 0
        ctime5: 0
        ctime6: 0
        ctime7: 0
        atime0: 0
        atime1: 65535
        atime2: 0
        atime3: 0
        atime4: 0
        atime5: 0
        atime6: 0
        atime7: 0
        m_NumColorKeys: 2
        m_NumAlphaKeys: 2
      minColor:
        serializedVersion: 2
        rgba: 4294967295
      maxColor:
        serializedVersion: 2
        rgba: 4294967295
      minMaxState: 1
    range: {x: 0, y: 1}
  CollisionModule:
    enabled: 0
    type: 0
    plane0: {fileID: 0}
    plane1: {fileID: 0}
    plane2: {fileID: 0}
    plane3: {fileID: 0}
    plane4: {fileID: 0}
    plane5: {fileID: 0}
    dampen: 0
    bounce: 1
    energyLossOnCollision: 0
    minKillSpeed: 0
    particleRadius: .00999999978
    collidesWith:
      serializedVersion: 2
      m_Bits: 4294967295
    quality: 0
    voxelSize: .5
    collisionMessages: 0
  SubModule:
    enabled: 0
    subEmitterBirth: {fileID: 0}
    subEmitterBirth1: {fileID: 0}
    subEmitterCollision: {fileID: 0}
    subEmitterCollision1: {fileID: 0}
    subEmitterDeath: {fileID: 0}
    subEmitterDeath1: {fileID: 0}
--- !u!4 &1897314165
Transform:
  m_ObjectHideFlags: 0
  m_PrefabParentObject: {fileID: 400000, guid: c0cec9e667e0a4d8d9f14758f57ad99e, type: 2}
  m_PrefabInternal: {fileID: 1901458170}
  m_GameObject: {fileID: 1897314162}
  m_LocalRotation: {x: -.713738561, y: 0, z: 0, w: .700412273}
  m_LocalPosition: {x: 0, y: 0, z: 0}
  m_LocalScale: {x: 1, y: 1, z: 1}
  m_Children: []
  m_Father: {fileID: 0}
--- !u!1001 &1901458170
Prefab:
  m_ObjectHideFlags: 0
  serializedVersion: 2
  m_Modification:
    m_TransformParent: {fileID: 0}
    m_Modifications:
    - target: {fileID: 400000, guid: c0cec9e667e0a4d8d9f14758f57ad99e, type: 2}
      propertyPath: m_LocalPosition.x
      value: 0
      objectReference: {fileID: 0}
    - target: {fileID: 400000, guid: c0cec9e667e0a4d8d9f14758f57ad99e, type: 2}
      propertyPath: m_LocalPosition.y
      value: 0
      objectReference: {fileID: 0}
    - target: {fileID: 400000, guid: c0cec9e667e0a4d8d9f14758f57ad99e, type: 2}
      propertyPath: m_LocalPosition.z
      value: 0
      objectReference: {fileID: 0}
    - target: {fileID: 400000, guid: c0cec9e667e0a4d8d9f14758f57ad99e, type: 2}
      propertyPath: m_LocalRotation.x
      value: -.713738561
      objectReference: {fileID: 0}
    - target: {fileID: 400000, guid: c0cec9e667e0a4d8d9f14758f57ad99e, type: 2}
      propertyPath: m_LocalRotation.y
      value: 0
      objectReference: {fileID: 0}
    - target: {fileID: 400000, guid: c0cec9e667e0a4d8d9f14758f57ad99e, type: 2}
      propertyPath: m_LocalRotation.z
      value: 0
      objectReference: {fileID: 0}
    - target: {fileID: 400000, guid: c0cec9e667e0a4d8d9f14758f57ad99e, type: 2}
      propertyPath: m_LocalRotation.w
      value: .700412273
      objectReference: {fileID: 0}
    m_RemovedComponents: []
  m_ParentPrefab: {fileID: 100100000, guid: c0cec9e667e0a4d8d9f14758f57ad99e, type: 2}
  m_RootGameObject: {fileID: 1897314162}
  m_IsPrefabParent: 0
  m_IsExploded: 1
--- !u!1 &1952485394
GameObject:
  m_ObjectHideFlags: 0
  m_PrefabParentObject: {fileID: 0}
  m_PrefabInternal: {fileID: 0}
  serializedVersion: 4
  m_Component:
  - 4: {fileID: 1952485398}
  - 33: {fileID: 1952485397}
  m_Layer: 0
  m_Name: Water
  m_TagString: Untagged
  m_Icon: {fileID: 0}
  m_NavMeshLayer: 0
  m_StaticEditorFlags: 0
  m_IsActive: 1
--- !u!33 &1952485397
MeshFilter:
  m_ObjectHideFlags: 0
  m_PrefabParentObject: {fileID: 0}
  m_PrefabInternal: {fileID: 0}
  m_GameObject: {fileID: 1952485394}
  m_Mesh: {fileID: 10209, guid: 0000000000000000e000000000000000, type: 0}
--- !u!4 &1952485398
Transform:
  m_ObjectHideFlags: 0
  m_PrefabParentObject: {fileID: 0}
  m_PrefabInternal: {fileID: 0}
  m_GameObject: {fileID: 1952485394}
  m_LocalRotation: {x: 0, y: 0, z: 0, w: 1}
  m_LocalPosition: {x: 0, y: 0, z: 0}
  m_LocalScale: {x: 1000, y: 1, z: 1000}
  m_Children: []
  m_Father: {fileID: 0}
--- !u!1 &2137343531
GameObject:
  m_ObjectHideFlags: 0
  m_PrefabParentObject: {fileID: 100002, guid: e0af3aa0ffb974fbca38f33376cca5d8, type: 2}
  m_PrefabInternal: {fileID: 1185610380}
  serializedVersion: 4
  m_Component:
  - 4: {fileID: 2137343533}
  - 114: {fileID: 2137343532}
  m_Layer: 0
  m_Name: SoundManager
  m_TagString: Untagged
  m_Icon: {fileID: 0}
  m_NavMeshLayer: 0
  m_StaticEditorFlags: 0
  m_IsActive: 1
--- !u!114 &2137343532
MonoBehaviour:
  m_ObjectHideFlags: 0
  m_PrefabParentObject: {fileID: 11400000, guid: e0af3aa0ffb974fbca38f33376cca5d8,
    type: 2}
  m_PrefabInternal: {fileID: 1185610380}
  m_GameObject: {fileID: 2137343531}
  m_Enabled: 1
  m_EditorHideFlags: 0
  m_Script: {fileID: 11500000, guid: 59839848515634fe8a5df3c9008d5c61, type: 3}
  m_Name: 
  m_EditorClassIdentifier: 
--- !u!4 &2137343533
Transform:
  m_ObjectHideFlags: 0
  m_PrefabParentObject: {fileID: 400002, guid: e0af3aa0ffb974fbca38f33376cca5d8, type: 2}
  m_PrefabInternal: {fileID: 1185610380}
  m_GameObject: {fileID: 2137343531}
  m_LocalRotation: {x: 0, y: 0, z: 0, w: 1}
  m_LocalPosition: {x: 0, y: 0, z: 0}
  m_LocalScale: {x: 1, y: 1, z: 1}
  m_Children:
  - {fileID: 333184066}
  - {fileID: 1589355485}
  m_Father: {fileID: 0}
